2634 4822
219 430 260 494 26
501 425 979 508 M.FA1311QU1NT1L1AN1

165 578 198 631 ²9
218 562 317 620 rum¹
333 547 544 647 producere3
558 573 636 644 quae
650 546 769 618 minus
781 547 949 618 exordiis²
961 567 1045 618 sunt
1054 547 1189 618 usitata.
1200 548 1271 620 Sed

216 663 306 750 liaeo,
324 688 402 760 quae
414 686 519 760 supra
533 659 639 750 diri3,
657 687 730 732 non
747 687 888 733 movere
901 683 1055 752 tantum,
1068 661 1216 734 veru-ml
1229 689 1270 737 ex

217 778 350 849 diverso
374 776 511 848 amoliri
532 801 673 875 quoque
694 776 862 874 prooemio
885 803 973 876 opus
992 797 1064 849 est:
1088 797 1127 848 ut
1150 794 1270 850 autem

216 912 375 964 nostrum
389 891 642 979 miserabilem,
660 892 687 962 si
704 892 900 980 vincamur,
918 892 1068 980 exitum;
1085 892 1131 964 ita
1145 893 1270 964 adver·

163 1026 196 1074 30
215 1007 387 1079 sariorum
398 1008 610 1106 superbum,
625 1006 653 1078 si
671 1006 833 1094 vicerint,
852 1007 937 1079 utile
955 1027 1005 1080 est
1021 1007 1125 1079 credi.
1144 1006 1213 1079 Sed
1230 1033 1272 1080 ex

215 1121 255 1192 iis
268 1147 426 1220 quoque,
438 1148 516 1219 quae
532 1146 605 1192 non
620 1141 702 1192 sunt
715 1146 944 1222 personarum
958 1120 1048 1192 nec⁵
1064 1147 1268 1213 causarum,

216 1262 337 1308 verum
351 1235 516 1336 adjuncta
525 1235 680 1336 personis
691 1256 724 1308 et
733 1234 862 1323 causis,
874 1234 955 1306 duci
965 1234 1133 1334 prooemia
1145 1235 1268 1308 solent.

215 1350 375 1422 Personis
387 1349 606 1449 applicantur
618 1376 691 1421 non
704 1355 854 1450 pipnora
868 1350 992 1439 modo,
1007 1350 1192 1448 dequibus
1207 1346 1269 1421 su-

217 1463 299 1564 pra⁶
310 1466 394 1556 dixi,
405 1467 465 1537 sed
475 1471 763 1567 propinquitates,
776 1471 955 1551 amicilioe5
967 1465 1106 1537 interim
1117 1472 1270 1564 reqiones

215 1579 335 1671 etiam,
349 1586 581 1680 civitatesque,
597 1601 632 1651 et
642 1579 669 1650 si
684 1579 771 1678 quid
781 1579 877 1650 aliud
887 1579 980 1680 ejus,
991 1606 1099 1679 quem
1113 1580 1269 1652 defendi·

161 1715 191 1766 31
215 1722 311 1784 mus,
327 1722 408 1768 oasu
421 1695 499 1768 laedi
512 1711 655 1794 potest7.
672 1696 727 1768 Ad
742 1722 883 1768 causam
899 1717 992 1768 extra
1004 1696 1153 1796 pertinet
1171 1699 1206 1768 T
1202 1724 1269 1770 em·

184 1921 188 1928 '
253 1934 273 1968 r.
286 1917 510 1988 Piqnoraeorum.
523 1918 717 1969 Defunctorum
760 1917 828 1969 vall.
848 1917 894 1968 lib.
915 1930 941 1968 et
960 1916 1004 1969 alii
1022 1917 1124 1983 eodo,
1145 1936 1195 1989 pro
1213 1936 1266 1989 quo

213 1996 304 2063 igitur3
318 1995 365 2047 sed
377 1994 470 2065 quidni
481 1997 601 2066 ipsorum
612 1996 717 2066 potius,
761 1999 791 2047 ll.
810 2012 839 2047 ια
853 2014 869 2046 a
881 2014 933 2047 seo.
948 2014 1041 2060 uranu,
1054 1995 1104 2047 sed.
1118 1999 1163 2048 Eo.

215 2078 328 2144 quorum
345 2092 387 2126 res
404 2077 506 2143 agitur?
521 2075 613 2127 Malim
628 2076 717 2145 igitur,
798 2072 823 2126 5.
836 2075 893 2125 Neo
906 2090 1052 2125 causarum.
1068 2076 1129 2126 llaec
1142 2076 1268 2127 omittunt

214 2170 375 2223 quamquam
388 2155 475 2205 invitis
489 2154 562 2206 libris
576 2154 716 2219 omnibus,
761 2155 814 2205 llll.
833 2153 864 2216 3,
881 2150 906 2204 5.
924 2152 1008 2204 Sicuti
1023 2171 1084 2202 mox
1097 2148 1131 2204 rai
1146 2164 1172 2204 et
1187 2154 1268 2206 caurio

213 2234 307 2304 reponi
321 2251 421 2284 reorum
435 2251 485 2305 pro
500 2251 597 2284 eorum.
613 2234 717 2286 Confu-
762 2234 860 2283 omittit
871 2235 901 2284 R.
920 2248 959 2283 ιο.
972 2232 1050 2283 Male.
1063 2234 1109 2283 Eo.

214 2312 253 2362 sio
266 2329 297 2362 ea
309 2330 364 2383 uon
375 2313 528 2383 infrequens
543 2325 584 2364 est
597 2311 669 2382 apud
684 2311 717 2363 li·
797 2313 823 2364 6.
841 2312 880 2362 De
896 2312 987 2384 quibus
1002 2328 1087 2382 supra.
1105 2312 1182 2374 llaec,
1200 2328 1268 2382 quo·

213 2389 323 2442 brarioe.
332 2389 399 2443 Vide
416 2390 549 2446 Drakenb.
568 2390 602 2442 ed
615 2392 718 2442 Livium
761 2393 833 2442 niam
842 2392 930 2461 ipsum
939 2389 1099 2441 vocabulum
1109 2390 1267 2462 pouit,piq=
1299 2457 1304 2461 μ

214 2469 310 2536 XXVI,
323 2469 353 2536 3,
366 2485 407 2520 ro.
417 2469 469 2522 Sed
479 2488 541 2521 ecee
551 2469 717 2540 ipsumhoc,
762 2486 842 2533 nora,
858 2467 894 2520 ad
905 2471 929 2535 ς.
947 2469 979 2521 28
994 2466 1085 2520 referii
1099 2466 1195 2533 oredo,
1212 2486 1267 2520 uon

214 2548 287 2618 quod
301 2544 421 2619 conjeci,
435 2548 544 2599 dautem
557 2567 572 2599 e
586 2549 639 2615 Qu.
652 2550 717 2600 Cas·
763 2547 798 2599 ad
808 2550 832 2615 S.
850 2549 895 2611 13,
908 2565 965 2616 quae
976 2561 1017 2598 eet
1030 2548 1139 2599 Gesneri
1152 2549 1229 2598 ratio.

213 2626 350 2678 siodorum
361 2629 389 2677 in
401 2625 551 2678 rhetoribus
560 2625 716 2690 Pitlroeanie,
798 2642 824 2693 7.
843 2627 909 2677 Casu
927 2624 988 2676 laedi
1004 2636 1095 2695 potest.
1116 2627 1158 2677 Sic
1177 2624 1266 2678 Guelf.

212 2719 273 2776 pag.
288 2706 348 2758 333.
402 2719 409 2727 ‘¹
680 2725 684 2728 ·
761 2705 812 2754 nisi
828 2703 902 2773 quod
921 2702 973 2754 ledi
991 2703 1044 2755 dat.
1062 2703 1173 2756 Accedit
1191 2705 1268 2757 Bern.

251 2803 275 2836 2.
292 2785 384 2835 Minue
399 2783 516 2836 exordiis.
529 2785 616 2835 Turio.
632 2781 659 2854 (a
675 2801 718 2854 prr
762 2781 853 2834 leviter
867 2781 1020 2854 discrepans
1035 2800 1094 2834 earu
1109 2782 1163 2834 leni
1175 2792 1267 2854 potest.

213 2863 261 2933 m.)
273 2880 308 2913 m.
324 2863 352 2912 in
366 2880 420 2926 ex„
434 2880 496 2912 cum
506 2860 575 2913 Alm.
587 2862 669 2913 Cam.
681 2890 719 2900 -
761 2862 878 2930 Longius
890 2860 987 2912 absunt
999 2863 1088 2912 Turio.
1102 2861 1206 2912 causale
1216 2860 1269 2912 dici

213 2945 252 2994 lta
269 2958 378 3011 quoque
393 2941 466 2992 Ario.
484 2943 542 3010 Pup.
560 2940 634 2991 Poul.
647 2938 715 2992 Vall.
760 2945 802 3011 pf,
816 2959 878 2991 cum
889 2939 964 2991 Bodl.
976 2938 1044 3009 (Sed
1055 2939 1123 2991 Arm.
1136 2958 1215 2991 cauea
1227 2939 1268 2990 in·

213 3020 258 3072 lib.
279 3021 332 3071 llll.
351 3019 383 3082 3,
401 3017 433 3084 5,
450 3036 475 3088 7,
493 3019 526 3084 8,
543 3036 577 3087 9,
597 3035 645 3084 ro,
666 3019 717 3084 13,
761 3018 814 3068 diei
825 3037 868 3089 p.‚
883 3017 947 3069 dare
961 3017 1092 3087 narratur)
1107 3020 1223 3069 etVoss.
1240 3033 1269 3082 ι,

213 3102 281 3151 Prat.
297 3099 369 3149 lens.
385 3110 411 3148 et
423 3095 482 3148 Ald.
497 3100 533 3148 At
543 3100 597 3149 llll.
614 3115 655 3162 ιι,
671 3113 717 3162 12,
754 3099 808 3167 qui
819 3096 875 3149 lraec
887 3097 992 3167 praelert
1008 3095 1072 3146 Tale
1084 3096 1136 3146 dici
1148 3113 1176 3167 p.
1189 3099 1267 3147 Pror-

214 3179 312 3245 Δηὼ,
323 3195 382 3250 quoe
393 3178 488 3230 minus.
501 3180 547 3229 Eo.
573 3204 576 3209 ·
762 3195 807 3229 eus
819 3179 972 3248 conspirare
987 3194 1048 3227 curn
1059 3188 1151 3226 nostro
1164 3174 1269 3228 videtur

249 3260 274 3310 3.
289 3258 354 3328 Quoe
363 3274 441 3328 supra
453 3255 517 3306 dixi.
532 3257 658 3326 Suspicor
666 3267 719 3306 res·
762 3261 839 3309 Voss.
848 3259 879 3322 3,
890 3258 935 3326 qui
945 3255 1044 3308 siletur.
1055 3259 1111 3308 Nee
1122 3256 1199 3308 aliter
1207 3255 1266 3309 Ald.

168 3396 176 3408 A
216 3339 267 3408 pici
282 3337 316 3388 ad
330 3336 352 3406 §
367 3354 409 3406 27,
421 3336 469 3387 uhi
479 3334 641 3406 favorabilia
657 3347 718 3385 tan·
763 3338 820 3387 Bae.
840 3336 923 3388 Stoer.
943 3333 1056 3386 Chouet.
1076 3333 1148 3386 Leid.
1170 3336 1270 3387 Contra

213 3429 324 3486 guntur;
334 3433 397 3467 nam
404 3416 524 3486 proxima
537 3412 571 3464 ad
582 3412 718 3484 epilogum
762 3413 844 3468 Gotlr.
856 3427 883 3465 et
893 3416 971 3465 Voss.
986 3430 1015 3478 α,
1030 3413 1173 3464 causedici
1184 3432 1212 3484 p.
1219 3451 1228 3478 ‚
1242 3426 1268 3464 et

158 3536 160 3541 ,
213 3496 361 3566 pertinent,
373 3511 428 3544 uon
440 3491 474 3543 ad
485 3493 652 3563 prooemium.
666 3490 719 3543 Ol>-
763 3493 818 3546 haec
825 3493 998 3565 plurimarum
1005 3491 1066 3543 edd.
1075 3505 1115 3544 est
1123 3495 1268 3565 scriptura,

213 3586 333 3625 versatur
347 3586 435 3624 tamen
449 3573 562 3623 maxime
576 3573 716 3623 miseratio.
764 3585 793 3624 ut
807 3591 839 3624 ex
853 3574 917 3623 meis
931 3572 1011 3624 Curru.
1027 3573 1090 3622 Loe.
1103 3574 1170 3623 Ven.
1186 3573 1267 3622 Ruso.

215 3655 321 3704 Movere
336 3650 401 3722 (pro
416 3668 470 3721 quo
487 3663 528 3702 est
544 3668 716 3714 commovere,
763 3648 1267 3722 Bad.Cerv.Gryph.Gibs.Obr.Burm.

215 3734 265 3797 Vl,
282 3748 308 3798 r,
321 3730 369 3796 44,
385 3732 413 3781 in
425 3729 486 3780 loco
498 3728 620 3799 gemino)
637 3747 719 3799 quum
762 3732 836 3782 Cirr.
855 3729 955 3796 Gesm,
972 3747 1026 3800 quo
1045 3728 1149 3780 accedit
1166 3728 1268 3795 Andr,

216 3813 250 3863 sit
267 3813 296 3862 in
313 3809 434 3881 plurimis
453 3808 542 3874 libris,
562 3806 628 3859 nihil
647 3807 719 3859 aliud
764 3810 943 3881 cumulique!
959 3810 993 3860 ah
1010 3809 1066 3861 aliis
1083 3810 1178 3860 citatis.
1196 3810 1269 3860 Con-

215 3892 266 3944 nisi
283 3890 372 3960 glossa
389 3901 429 3940 est
445 3886 534 3958 quod,
550 3887 631 3958 hujus
646 3887 720 3939 verbi
764 3890 881 3940 sentiunt
898 3891 970 3939 lens.
991 3901 1017 3938 et
1032 3889 1109 3938 Tarv.
1127 3888 1179 3938 nisi
1195 3885 1279 3956 quod'

215 3969 292 4034 loeo,
303 3968 447 4039 praeferunt
459 3965 579 4037 qrraedam
591 3965 719 4018 editiones
764 3985 813 4038 pro
826 3966 878 4018 diei
889 3966 990 4017 hubent
1002 3954 1078 4030 duci,
1089 3965 1163 4035 quod
1174 3966 1202 4016 in
1215 3966 1270 4016 suis

217 4058 328 4112 tentare,
342 4067 374 4099 ex
384 4048 459 4116 Regii
471 4059 535 4098 notu
547 4058 689 4118 arreptum.
765 4045 890 4116 exemplis
899 4047 1035 4096 inventum
1043 4045 1268 4112 correxitRegius.

253 4128 278 4194 4.
299 4126 404 4194 Verum.
421 4128 461 4178 lta
476 4128 549 4178 Ario.
566 4129 624 4178 Pur.
641 4128 718 4177 loen.
765 4122 951 4190 Plurimum,
959 4136 986 4175 et
993 4136 1054 4175 ante
1061 4140 1111 4175 nos
1120 4135 1270 4193 receptam,
