<?xml version="1.0" encoding="UTF-8"?>
<!DOCTYPE html PUBLIC "-//W3C//DTD XHTML 1.0 Transitional//EN"
    "http://www.w3.org/TR/xhtml1/DTD/xhtml1-transitional.dtd">
<html xmlns="http://www.w3.org/1999/xhtml" xml:lang="en" lang="en">
 <head>
  <title>
</title>
<meta http-equiv="Content-Type" content="text/html;charset=utf-8" />
  <meta name='ocr-system' content='tesseract 3.04.00' />
  <meta name='ocr-capabilities' content='ocr_page ocr_carea ocr_par ocr_line ocrx_word'/>
</head>
<body>
  <div class='ocr_page' id='page_1' title='image "bibliothecaclas13lemagoog_0060.png"; bbox 0 0 2634 4822; ppageno 0'>
   <div class='ocr_carea' id='block_1_1' title="bbox 276 392 1154 486">
    <p class='ocr_par' dir='ltr' id='par_1_1' title="bbox 276 392 1154 486">
     <span class='ocr_line' id='line_1_1' title="bbox 276 392 1154 486; baseline 0.009 -22"><span class='ocrx_word' id='word_1_1' title='bbox 276 401 604 467; x_wconf 80' lang='lat' dir='ltr'><strong>rusrirunouts</strong></span> <span class='ocrx_word' id='word_1_2' title='bbox 620 401 748 467; x_wconf 77' lang='lat' dir='ltr'><strong>onir.</strong></span> <span class='ocrx_word' id='word_1_3' title='bbox 773 401 853 465; x_wconf 81' lang='lat' dir='ltr'><strong>nn.</strong></span> <span class='ocrx_word' id='word_1_4' title='bbox 874 392 930 480; x_wconf 84' lang='lat' dir='ltr'><strong>tv,</strong></span> <span class='ocrx_word' id='word_1_5' title='bbox 955 427 981 467; x_wconf 73' lang='grc' dir='ltr'><strong>ι.</strong></span> <span class='ocrx_word' id='word_1_6' title='bbox 1111 405 1154 486; x_wconf 72' lang='lat'><strong>43</strong></span> 
     </span>
    </p>
   </div>
   <div class='ocr_carea' id='block_1_2' title="bbox 111 523 1269 1538">
    <p class='ocr_par' dir='ltr' id='par_1_2' title="bbox 111 523 1269 1316">
     <span class='ocr_line' id='line_1_2' title="bbox 112 523 1269 625; baseline 0.002 -29"><span class='ocrx_word' id='word_1_7' title='bbox 112 523 247 596; x_wconf 77' lang='lat' dir='ltr'><strong>formari</strong></span> <span class='ocrx_word' id='word_1_8' title='bbox 266 524 420 595; x_wconf 80' lang='lat' dir='ltr'><strong>animos¹</strong></span> <span class='ocrx_word' id='word_1_9' title='bbox 436 523 599 625; x_wconf 86' lang='lat' dir='ltr'><strong>judicum</strong></span> <span class='ocrx_word' id='word_1_10' title='bbox 617 524 787 622; x_wconf 77' lang='lat' dir='ltr'><strong>expediet.</strong></span> <span class='ocrx_word' id='word_1_11' title='bbox 800 524 951 595; x_wconf 82' lang='lat' dir='ltr'><strong>Turberi</strong></span> <span class='ocrx_word' id='word_1_12' title='bbox 967 526 1153 617; x_wconf 87' lang='lat' dir='ltr'><strong>memoria,</strong></span> <span class='ocrx_word' id='word_1_13' title='bbox 1170 544 1203 598; x_wconf 81' lang='lat'><strong>61</strong></span> <span class='ocrx_word' id='word_1_14' title='bbox 1266 619 1269 623; x_wconf 14' lang='lat'><strong>⁴</strong></span> 
     </span>
     <span class='ocr_line' id='line_1_3' title="bbox 112 639 1155 739; baseline 0.002 -29"><span class='ocrx_word' id='word_1_15' title='bbox 112 640 156 712; x_wconf 86' lang='lat' dir='ltr'><strong>vel</strong></span> <span class='ocrx_word' id='word_1_16' title='bbox 169 639 400 712; x_wconf 79' lang='lat' dir='ltr'><strong>continuandi</strong></span> <span class='ocrx_word' id='word_1_17' title='bbox 412 640 517 712; x_wconf 81' lang='lat' dir='ltr'><strong>verba</strong></span> <span class='ocrx_word' id='word_1_18' title='bbox 529 639 713 712; x_wconf 82' lang='lat' dir='ltr'><strong>facilitate²</strong></span> <span class='ocrx_word' id='word_1_19' title='bbox 727 639 881 727; x_wconf 84' lang='lat' dir='ltr'><strong>destitui,</strong></span> <span class='ocrx_word' id='word_1_20' title='bbox 895 665 1070 739; x_wconf 86' lang='lat' dir='ltr'><strong>nusquam</strong></span> <span class='ocrx_word' id='word_1_21' title='bbox 1082 662 1155 714; x_wconf 90' lang='lat' dir='ltr'><strong>tur-</strong></span> 
     </span>
     <span class='ocr_line' id='line_1_4' title="bbox 113 750 1156 856; baseline 0.002 -29"><span class='ocrx_word' id='word_1_22' title='bbox 113 756 326 854; x_wconf 73' lang='lat' dir='ltr'><strong>pius3quum</strong></span> <span class='ocrx_word' id='word_1_23' title='bbox 334 755 496 828; x_wconf 83' lang='lat' dir='ltr'><strong>vitiosum</strong></span> <span class='ocrx_word' id='word_1_24' title='bbox 508 757 716 856; x_wconf 81' lang='lat' dir='ltr'><strong>prooemium</strong></span> <span class='ocrx_word' id='word_1_25' title='bbox 728 755 834 855; x_wconf 86' lang='lat' dir='ltr'><strong>possit</strong></span> <span class='ocrx_word' id='word_1_26' title='bbox 842 750 950 828; x_wconf 80' lang='lat' dir='ltr'><strong>videri</strong></span> <span class='ocrx_word' id='word_1_27' title='bbox 960 755 1156 829; x_wconf 78' lang='lat' dir='ltr'><strong>cicatricosa</strong></span> 
     </span>
     <span class='ocr_line' id='line_1_5' title="bbox 112 869 1155 970; baseline 0 -27"><span class='ocrx_word' id='word_1_28' title='bbox 112 869 230 943; x_wconf 80' lang='lat' dir='ltr'><strong>facies³</strong></span> <span class='ocrx_word' id='word_1_29' title='bbox 243 900 253 960; x_wconf 73' lang='lat'>3</span> <span class='ocrx_word' id='word_1_30' title='bbox 269 892 304 944; x_wconf 87' lang='lat' dir='ltr'><strong>et</strong></span> <span class='ocrx_word' id='word_1_31' title='bbox 316 872 488 970; x_wconf 86' lang='lat' dir='ltr'><strong>pessimus</strong></span> <span class='ocrx_word' id='word_1_32' title='bbox 499 892 589 944; x_wconf 88' lang='lat' dir='ltr'><strong>certe</strong></span> <span class='ocrx_word' id='word_1_33' title='bbox 602 872 825 969; x_wconf 76' lang='lat' dir='ltr'><strong>gubernator,</strong></span> <span class='ocrx_word' id='word_1_34' title='bbox 838 871 1054 970; x_wconf 73' lang='lat' dir='ltr'><strong>quinarem,</strong></span> <span class='ocrx_word' id='word_1_35' title='bbox 1067 869 1155 943; x_wconf 89' lang='lat' dir='ltr'><strong>dum</strong></span> 
     </span>
     <span class='ocr_line' id='line_1_6' title="bbox 112 983 1207 1086; baseline -0.003 -28"><span class='ocrx_word' id='word_1_36' title='bbox 112 1007 249 1084; x_wconf 84' lang='lat' dir='ltr'><strong>portum</strong></span> <span class='ocrx_word' id='word_1_37' title='bbox 266 983 475 1086; x_wconf 68' lang='lat' dir='ltr'><strong>egreditur4,</strong></span> <span class='ocrx_word' id='word_1_38' title='bbox 497 987 653 1086; x_wconf 79' lang='lat' dir='ltr'><strong>impegit.</strong></span> <span class='ocrx_word' id='word_1_39' title='bbox 669 987 798 1058; x_wconf 89' lang='lat' dir='ltr'><strong>Modus</strong></span> <span class='ocrx_word' id='word_1_40' title='bbox 815 985 957 1059; x_wconf 72' lang='lat' dir='ltr'><strong>autem⁵</strong></span> <span class='ocrx_word' id='word_1_41' title='bbox 971 986 1132 1085; x_wconf 82' lang='lat' dir='ltr'><strong>principii</strong></span> <span class='ocrx_word' id='word_1_42' title='bbox 1147 1041 1156 1075; x_wconf 89' lang='lat'>‚</span> <span class='ocrx_word' id='word_1_43' title='bbox 1173 1002 1207 1056; x_wconf 80' lang='lat'><strong>62</strong></span> 
     </span>
     <span class='ocr_line' id='line_1_7' title="bbox 111 1101 1248 1203; baseline 0.002 -31"><span class='ocrx_word' id='word_1_44' title='bbox 111 1123 167 1199; x_wconf 87' lang='lat' dir='ltr'><strong>pro</strong></span> <span class='ocrx_word' id='word_1_45' title='bbox 191 1123 320 1191; x_wconf 80' lang='lat' dir='ltr'><strong>cause3</strong></span> <span class='ocrx_word' id='word_1_46' title='bbox 343 1129 427 1173; x_wconf 83' lang='lat' dir='ltr'><strong>narn</strong></span> <span class='ocrx_word' id='word_1_47' title='bbox 448 1102 588 1174; x_wconf 83' lang='lat' dir='ltr'><strong>brevius</strong></span> <span class='ocrx_word' id='word_1_48' title='bbox 608 1103 802 1201; x_wconf 81' lang='lat' dir='ltr'><strong>simplices,</strong></span> <span class='ocrx_word' id='word_1_49' title='bbox 824 1103 963 1201; x_wconf 66' lang='lat' dir='ltr'><strong>longius</strong></span> <span class='ocrx_word' id='word_1_50' title='bbox 986 1101 1156 1201; x_wconf 84' lang='lat' dir='ltr'><strong>perplexae</strong></span> <span class='ocrx_word' id='word_1_51' title='bbox 1246 1197 1248 1203; x_wconf 16' lang='lat' dir='ltr'><strong><em>s</em></strong></span> 
     </span>
     <span class='ocr_line' id='line_1_8' title="bbox 111 1217 1156 1316; baseline 0 -29"><span class='ocrx_word' id='word_1_52' title='bbox 111 1239 344 1316; x_wconf 69' lang='lat' dir='ltr'><strong>suspectaeque</strong></span> <span class='ocrx_word' id='word_1_53' title='bbox 359 1237 395 1290; x_wconf 87' lang='lat' dir='ltr'><strong>et</strong></span> <span class='ocrx_word' id='word_1_54' title='bbox 408 1217 557 1290; x_wconf 80' lang='lat' dir='ltr'><strong>infamet</strong></span> <span class='ocrx_word' id='word_1_55' title='bbox 572 1218 778 1291; x_wconf 85' lang='lat' dir='ltr'><strong>desiderant.</strong></span> <span class='ocrx_word' id='word_1_56' title='bbox 795 1217 969 1290; x_wconf 81' lang='lat' dir='ltr'><strong>Ridendi⁶</strong></span> <span class='ocrx_word' id='word_1_57' title='bbox 980 1245 1079 1306; x_wconf 88' lang='lat' dir='ltr'><strong>vero,</strong></span> <span class='ocrx_word' id='word_1_58' title='bbox 1095 1217 1156 1316; x_wconf 90' lang='lat' dir='ltr'><strong>qui</strong></span> 
     </span>
    </p>

    <p class='ocr_par' dir='ltr' id='par_1_3' title="bbox 111 1330 1157 1431">
     <span class='ocr_line' id='line_1_9' title="bbox 111 1330 1157 1431; baseline -0.002 -27"><span class='ocrx_word' id='word_1_59' title='bbox 111 1332 200 1404; x_wconf 85' lang='lat' dir='ltr'><strong>telut</strong></span> <span class='ocrx_word' id='word_1_60' title='bbox 216 1332 311 1430; x_wconf 78' lang='lat' dir='ltr'><strong>leges</strong></span> <span class='ocrx_word' id='word_1_61' title='bbox 328 1330 503 1431; x_wconf 85' lang='lat' dir='ltr'><strong>prooemiis</strong></span> <span class='ocrx_word' id='word_1_62' title='bbox 518 1333 685 1404; x_wconf 88' lang='lat' dir='ltr'><strong>omnibus</strong></span> <span class='ocrx_word' id='word_1_63' title='bbox 702 1333 889 1421; x_wconf 83' lang='lat' dir='ltr'><strong>dederunt,</strong></span> <span class='ocrx_word' id='word_1_64' title='bbox 907 1352 946 1403; x_wconf 91' lang='lat' dir='ltr'><strong>ut</strong></span> <span class='ocrx_word' id='word_1_65' title='bbox 961 1333 1051 1403; x_wconf 88' lang='lat' dir='ltr'><strong>iutra</strong></span> <span class='ocrx_word' id='word_1_66' title='bbox 1067 1359 1157 1431; x_wconf 86' lang='lat' dir='ltr'><strong>qua·</strong></span> 
     </span>
    </p>

    <p class='ocr_par' dir='ltr' id='par_1_4' title="bbox 112 1447 1159 1538">
     <span class='ocr_line' id='line_1_10' title="bbox 112 1447 1159 1538; baseline 0.001 -20"><span class='ocrx_word' id='word_1_67' title='bbox 112 1468 187 1519; x_wconf 90' lang='lat' dir='ltr'><strong>tuor</strong></span> <span class='ocrx_word' id='word_1_68' title='bbox 208 1474 331 1520; x_wconf 89' lang='lat' dir='ltr'><strong>sensus</strong></span> <span class='ocrx_word' id='word_1_69' title='bbox 354 1448 668 1538; x_wconf 84' lang='lat' dir='ltr'><strong>terminarentur73</strong></span> <span class='ocrx_word' id='word_1_70' title='bbox 695 1475 759 1520; x_wconf 88' lang='lat' dir='ltr'><strong>uec</strong></span> <span class='ocrx_word' id='word_1_71' title='bbox 784 1449 902 1520; x_wconf 90' lang='lat' dir='ltr'><strong>minus</strong></span> <span class='ocrx_word' id='word_1_72' title='bbox 927 1447 1087 1519; x_wconf 84' lang='lat' dir='ltr'><strong>evitanda</strong></span> <span class='ocrx_word' id='word_1_73' title='bbox 1108 1467 1159 1519; x_wconf 91' lang='lat' dir='ltr'><strong>est</strong></span> 
     </span>
    </p>
   </div>
   <div class='ocr_carea' id='block_1_3' title="bbox 105 1648 1256 4173">
    <p class='ocr_par' dir='ltr' id='par_1_5' title="bbox 107 1648 1160 2121">
     <span class='ocr_line' id='line_1_11' title="bbox 109 1648 1157 1722; baseline -0.001 -22"><span class='ocrx_word' id='word_1_74' title='bbox 109 1667 152 1714; x_wconf 84' lang='lat' dir='ltr'><strong>ne,</strong></span> <span class='ocrx_word' id='word_1_75' title='bbox 171 1662 278 1701; x_wconf 81' lang='lat' dir='ltr'><strong>tantum</strong></span> <span class='ocrx_word' id='word_1_76' title='bbox 297 1649 415 1702; x_wconf 75' lang='lat' dir='ltr'><strong>variandi</strong></span> <span class='ocrx_word' id='word_1_77' title='bbox 435 1669 523 1702; x_wconf 80' lang='lat' dir='ltr'><strong>cause.</strong></span> <span class='ocrx_word' id='word_1_78' title='bbox 541 1650 609 1704; x_wconf 85' lang='lat' dir='ltr'><strong>Vide</strong></span> <span class='ocrx_word' id='word_1_79' title='bbox 655 1652 781 1722; x_wconf 84' lang='lat' dir='ltr'><strong>quoniam</strong></span> <span class='ocrx_word' id='word_1_80' title='bbox 790 1649 893 1702; x_wconf 83' lang='lat' dir='ltr'><strong>destitui</strong></span> <span class='ocrx_word' id='word_1_81' title='bbox 901 1648 954 1699; x_wconf 86' lang='lat' dir='ltr'><strong>hoc</strong></span> <span class='ocrx_word' id='word_1_82' title='bbox 964 1648 1025 1698; x_wconf 88' lang='lat' dir='ltr'><strong>loeo</strong></span> <span class='ocrx_word' id='word_1_83' title='bbox 1035 1666 1091 1699; x_wconf 91' lang='lat' dir='ltr'><strong>nou</strong></span> <span class='ocrx_word' id='word_1_84' title='bbox 1100 1649 1157 1700; x_wconf 86' lang='lat' dir='ltr'><strong>siue</strong></span> 
     </span>
     <span class='ocr_line' id='line_1_12' title="bbox 109 1725 1156 1798; baseline -0.002 -20"><span class='ocrx_word' id='word_1_85' title='bbox 109 1727 184 1779; x_wconf 80' lang='lat' dir='ltr'><strong>duem</strong></span> <span class='ocrx_word' id='word_1_86' title='bbox 206 1741 286 1780; x_wconf 69' lang='lat' dir='ltr'><strong>notre.</strong></span> <span class='ocrx_word' id='word_1_87' title='bbox 306 1758 343 1769; x_wconf 80' lang='lat'><strong>-—</strong></span> <span class='ocrx_word' id='word_1_88' title='bbox 360 1729 511 1790; x_wconf 68' lang='lat' dir='ltr'><strong>’desolemur</strong></span> <span class='ocrx_word' id='word_1_89' title='bbox 531 1730 608 1782; x_wconf 79' lang='lat' dir='ltr'><strong>aetio.</strong></span> <span class='ocrx_word' id='word_1_90' title='bbox 654 1725 1156 1798; x_wconf 78' lang='lat' dir='ltr'><strong>grstiadicaturabsoluteVid.Ruhnk.</strong></span> 
     </span>
     <span class='ocr_line' id='line_1_13' title="bbox 108 1805 1157 1881; baseline -0.001 -23"><span class='ocrx_word' id='word_1_91' title='bbox 108 1811 163 1858; x_wconf 72' lang='lat' dir='ltr'><strong>Vox</strong></span> <span class='ocrx_word' id='word_1_92' title='bbox 182 1822 269 1878; x_wconf 73' lang='lat' dir='ltr'><strong>green</strong></span> <span class='ocrx_word' id='word_1_93' title='bbox 285 1827 341 1859; x_wconf 90' lang='lat' dir='ltr'><strong>uon</strong></span> <span class='ocrx_word' id='word_1_94' title='bbox 360 1808 427 1862; x_wconf 74' lang='lat' dir='ltr'><strong>adeo</strong></span> <span class='ocrx_word' id='word_1_95' title='bbox 445 1809 611 1881; x_wconf 67' lang='lat' dir='ltr'><strong>pervulgate.</strong></span> <span class='ocrx_word' id='word_1_96' title='bbox 655 1808 808 1874; x_wconf 70' lang='lat' dir='ltr'><strong>advntu,</strong></span> <span class='ocrx_word' id='word_1_97' title='bbox 819 1807 868 1876; x_wconf 83' lang='lat'><strong>69,</strong></span> <span class='ocrx_word' id='word_1_98' title='bbox 881 1819 907 1857; x_wconf 88' lang='lat' dir='ltr'><strong>et</strong></span> <span class='ocrx_word' id='word_1_99' title='bbox 916 1805 1051 1858; x_wconf 78' lang='lat' dir='ltr'><strong>Dukerum</strong></span> <span class='ocrx_word' id='word_1_100' title='bbox 1059 1805 1093 1856; x_wconf 84' lang='lat' dir='ltr'><strong>ad</strong></span> <span class='ocrx_word' id='word_1_101' title='bbox 1102 1808 1157 1857; x_wconf 80' lang='lat' dir='ltr'><strong>Liv.</strong></span> 
     </span>
     <span class='ocr_line' id='line_1_14' title="bbox 107 1881 1159 1961; baseline -0.002 -23"><span class='ocrx_word' id='word_1_102' title='bbox 107 1889 225 1940; x_wconf 79' lang='lat' dir='ltr'><strong>Potestas</strong></span> <span class='ocrx_word' id='word_1_103' title='bbox 237 1888 281 1940; x_wconf 90' lang='lat' dir='ltr'><strong>hio</strong></span> <span class='ocrx_word' id='word_1_104' title='bbox 290 1889 368 1941; x_wconf 76' lang='lat' dir='ltr'><strong>focile</strong></span> <span class='ocrx_word' id='word_1_105' title='bbox 378 1902 503 1961; x_wconf 81' lang='lat' dir='ltr'><strong>apparet,</strong></span> <span class='ocrx_word' id='word_1_106' title='bbox 513 1889 547 1940; x_wconf 87' lang='lat' dir='ltr'><strong>de</strong></span> <span class='ocrx_word' id='word_1_107' title='bbox 558 1907 611 1960; x_wconf 81' lang='lat' dir='ltr'><strong>qua</strong></span> <span class='ocrx_word' id='word_1_108' title='bbox 654 1889 696 1952; x_wconf 85' lang='lat' dir='ltr'><strong>X,</strong></span> <span class='ocrx_word' id='word_1_109' title='bbox 711 1902 760 1953; x_wconf 80' lang='grc' dir='ltr'>ιο,</span> <span class='ocrx_word' id='word_1_110' title='bbox 772 1885 797 1938; x_wconf 88' lang='grc'><strong>5.</strong></span> <span class='ocrx_word' id='word_1_111' title='bbox 808 1914 844 1926; x_wconf 85' lang='lat'>-</span> <span class='ocrx_word' id='word_1_112' title='bbox 853 1884 951 1938; x_wconf 81' lang='lat' dir='ltr'><strong>Eadem</strong></span> <span class='ocrx_word' id='word_1_113' title='bbox 962 1886 1074 1936; x_wconf 79' lang='lat' dir='ltr'><strong>varietas</strong></span> <span class='ocrx_word' id='word_1_114' title='bbox 1086 1881 1159 1955; x_wconf 73' lang='lat' dir='ltr'><strong>apud</strong></span> 
     </span>
     <span class='ocr_line' id='line_1_15' title="bbox 108 1962 1160 2039; baseline -0.004 -22"><span class='ocrx_word' id='word_1_115' title='bbox 108 1967 164 2018; x_wconf 86' lang='lat' dir='ltr'><strong>vide</strong></span> <span class='ocrx_word' id='word_1_116' title='bbox 176 1970 297 2039; x_wconf 83' lang='lat' dir='ltr'><strong>inprimis</strong></span> <span class='ocrx_word' id='word_1_117' title='bbox 309 1968 499 2022; x_wconf 84' lang='lat' dir='ltr'><strong>Schneiderum</strong></span> <span class='ocrx_word' id='word_1_118' title='bbox 507 1972 535 2021; x_wconf 90' lang='lat' dir='ltr'><strong>in</strong></span> <span class='ocrx_word' id='word_1_119' title='bbox 543 1968 611 2021; x_wconf 75' lang='lat' dir='ltr'><strong>leni·</strong></span> <span class='ocrx_word' id='word_1_120' title='bbox 655 1979 776 2032; x_wconf 80' lang='lat' dir='ltr'><strong>nostros,</strong></span> <span class='ocrx_word' id='word_1_121' title='bbox 788 1964 895 2016; x_wconf 83' lang='lat' dir='ltr'><strong>dimidiu</strong></span> <span class='ocrx_word' id='word_1_122' title='bbox 903 1963 1115 2036; x_wconf 76' lang='lat' dir='ltr'><strong>parsfoeudtate,</strong></span> <span class='ocrx_word' id='word_1_123' title='bbox 1124 1962 1160 2013; x_wconf 84' lang='lat' dir='ltr'><strong>al·</strong></span> 
     </span>
     <span class='ocr_line' id='line_1_16' title="bbox 108 2043 919 2121; baseline -0.004 -23"><span class='ocrx_word' id='word_1_124' title='bbox 108 2063 137 2096; x_wconf 86' lang='lat' dir='ltr'><strong>co</strong></span> <span class='ocrx_word' id='word_1_125' title='bbox 154 2065 251 2116; x_wconf 69' lang='lat' dir='ltr'><strong>greco.</strong></span> <span class='ocrx_word' id='word_1_126' title='bbox 268 2051 383 2116; x_wconf 75' lang='lat' dir='ltr'><strong>Maxime</strong></span> <span class='ocrx_word' id='word_1_127' title='bbox 399 2052 535 2121; x_wconf 81' lang='lat' dir='ltr'><strong>conspirat</strong></span> <span class='ocrx_word' id='word_1_128' title='bbox 548 2066 611 2100; x_wconf 86' lang='lat' dir='ltr'><strong>oum</strong></span> <span class='ocrx_word' id='word_1_129' title='bbox 656 2058 711 2096; x_wconf 74' lang='lat' dir='ltr'><strong>tert</strong></span> <span class='ocrx_word' id='word_1_130' title='bbox 717 2043 859 2116; x_wconf 74' lang='lat' dir='ltr'><strong>facilitate.</strong></span> <span class='ocrx_word' id='word_1_131' title='bbox 872 2044 919 2095; x_wconf 86' lang='lat' dir='ltr'><strong>En.</strong></span> 
     </span>
    </p>

    <p class='ocr_par' dir='ltr' id='par_1_6' title="bbox 107 2120 1160 2589">
     <span class='ocr_line' id='line_1_17' title="bbox 107 2120 1157 2196; baseline 0.004 -21"><span class='ocrx_word' id='word_1_132' title='bbox 107 2141 155 2176; x_wconf 77' lang='lat' dir='ltr'><strong>usu</strong></span> <span class='ocrx_word' id='word_1_133' title='bbox 167 2126 255 2196; x_wconf 83' lang='lat' dir='ltr'><strong>qualis</strong></span> <span class='ocrx_word' id='word_1_134' title='bbox 267 2141 307 2178; x_wconf 79' lang='lat' dir='ltr'><strong>est</strong></span> <span class='ocrx_word' id='word_1_135' title='bbox 321 2126 438 2180; x_wconf 76' lang='lat' dir='ltr'><strong>adverbii</strong></span> <span class='ocrx_word' id='word_1_136' title='bbox 452 2125 611 2188; x_wconf 57' lang='lat' dir='ltr'><strong>§euenirent</strong></span> <span class='ocrx_word' id='word_1_137' title='bbox 691 2125 716 2175; x_wconf 85' lang='lat'><strong>3·</strong></span> <span class='ocrx_word' id='word_1_138' title='bbox 733 2124 761 2176; x_wconf 88' lang='lat' dir='ltr'><strong>V</strong></span> <span class='ocrx_word' id='word_1_139' title='bbox 759 2123 823 2173; x_wconf 74' lang='lat' dir='ltr'><strong>iden·</strong></span> <span class='ocrx_word' id='word_1_140' title='bbox 832 2122 979 2174; x_wconf 71' lang='lat' dir='ltr'><strong>cicatricosa</strong></span> <span class='ocrx_word' id='word_1_141' title='bbox 986 2121 1078 2192; x_wconf 78' lang='lat' dir='ltr'><strong>facies·</strong></span> <span class='ocrx_word' id='word_1_142' title='bbox 1088 2120 1157 2172; x_wconf 81' lang='lat' dir='ltr'><strong>Vall·</strong></span> 
     </span>
     <span class='ocr_line' id='line_1_18' title="bbox 108 2200 1157 2279; baseline -0.011 -18"><span class='ocrx_word' id='word_1_143' title='bbox 108 2204 179 2275; x_wconf 67' lang='lat' dir='ltr'><strong>apud</strong></span> <span class='ocrx_word' id='word_1_144' title='bbox 185 2205 314 2257; x_wconf 75' lang='lat' dir='ltr'><strong>Antonin.</strong></span> <span class='ocrx_word' id='word_1_145' title='bbox 323 2206 358 2258; x_wconf 88' lang='lat' dir='ltr'><strong>de</strong></span> <span class='ocrx_word' id='word_1_146' title='bbox 367 2210 475 2279; x_wconf 79' lang='lat' dir='ltr'><strong>teipso,</strong></span> <span class='ocrx_word' id='word_1_147' title='bbox 489 2225 513 2274; x_wconf 91' lang='grc'>1,</span> <span class='ocrx_word' id='word_1_148' title='bbox 525 2225 551 2277; x_wconf 87' lang='lat'><strong>9.</strong></span> <span class='ocrx_word' id='word_1_149' title='bbox 559 2207 612 2258; x_wconf 79' lang='lat' dir='ltr'><strong>Ao-</strong></span> <span class='ocrx_word' id='word_1_150' title='bbox 655 2201 788 2271; x_wconf 80' lang='lat' dir='ltr'><strong>lib.n1t.7‚</strong></span> <span class='ocrx_word' id='word_1_151' title='bbox 795 2201 820 2265; x_wconf 83' lang='lat'><strong>8,</strong></span> <span class='ocrx_word' id='word_1_152' title='bbox 834 2200 1157 2264; x_wconf 61' lang='lat' dir='ltr'><strong>trinseruntsieunmale:</strong></span> 
     </span>
     <span class='ocr_line' id='line_1_19' title="bbox 107 2279 1158 2358; baseline -0.004 -25"><span class='ocrx_word' id='word_1_153' title='bbox 107 2283 142 2333; x_wconf 83' lang='lat' dir='ltr'><strong>tio</strong></span> <span class='ocrx_word' id='word_1_154' title='bbox 156 2283 190 2335; x_wconf 88' lang='lat' dir='ltr'><strong>de</strong></span> <span class='ocrx_word' id='word_1_155' title='bbox 206 2288 429 2354; x_wconf 86' lang='lat' dir='ltr'><strong>pronunoiatione</strong></span> <span class='ocrx_word' id='word_1_156' title='bbox 444 2285 488 2337; x_wconf 89' lang='lat' dir='ltr'><strong>hie</strong></span> <span class='ocrx_word' id='word_1_157' title='bbox 503 2285 611 2358; x_wconf 85' lang='lat' dir='ltr'><strong>quidem</strong></span> <span class='ocrx_word' id='word_1_158' title='bbox 656 2300 718 2332; x_wconf 86' lang='lat' dir='ltr'><strong>uam</strong></span> <span class='ocrx_word' id='word_1_159' title='bbox 735 2280 911 2333; x_wconf 77' lang='lat' dir='ltr'><strong>similitudinis</strong></span> <span class='ocrx_word' id='word_1_160' title='bbox 926 2279 1080 2332; x_wconf 80' lang='lat' dir='ltr'><strong>adverbium</strong></span> <span class='ocrx_word' id='word_1_161' title='bbox 1096 2280 1158 2330; x_wconf 82' lang='lat' dir='ltr'><strong>satis</strong></span> 
     </span>
     <span class='ocr_line' id='line_1_20' title="bbox 107 2358 1122 2434; baseline -0.001 -23"><span class='ocrx_word' id='word_1_162' title='bbox 107 2378 161 2412; x_wconf 89' lang='lat' dir='ltr'><strong>uon</strong></span> <span class='ocrx_word' id='word_1_163' title='bbox 171 2361 278 2414; x_wconf 79' lang='lat' dir='ltr'><strong>videtur</strong></span> <span class='ocrx_word' id='word_1_164' title='bbox 291 2363 505 2434; x_wconf 74' lang='lat' dir='ltr'><strong>intelligendum,</strong></span> <span class='ocrx_word' id='word_1_165' title='bbox 519 2364 566 2417; x_wconf 84' lang='lat' dir='ltr'><strong>sed</strong></span> <span class='ocrx_word' id='word_1_166' title='bbox 577 2364 611 2415; x_wconf 89' lang='lat' dir='ltr'><strong>de</strong></span> <span class='ocrx_word' id='word_1_167' title='bbox 657 2362 809 2410; x_wconf 85' lang='lat' dir='ltr'><strong>continetur</strong></span> <span class='ocrx_word' id='word_1_168' title='bbox 819 2361 847 2408; x_wconf 90' lang='lat' dir='ltr'><strong>in</strong></span> <span class='ocrx_word' id='word_1_169' title='bbox 858 2358 940 2409; x_wconf 84' lang='lat' dir='ltr'><strong>verbo</strong></span> <span class='ocrx_word' id='word_1_170' title='bbox 954 2358 1062 2408; x_wconf 83' lang='lat' dir='ltr'><strong>videtur.</strong></span> <span class='ocrx_word' id='word_1_171' title='bbox 1076 2361 1122 2410; x_wconf 78' lang='lat' dir='ltr'><strong>En.</strong></span> 
     </span>
     <span class='ocr_line' id='line_1_21' title="bbox 108 2435 1160 2510; baseline 0.003 -20"><span class='ocrx_word' id='word_1_172' title='bbox 108 2443 230 2493; x_wconf 79' lang='lat' dir='ltr'><strong>universe</strong></span> <span class='ocrx_word' id='word_1_173' title='bbox 247 2445 379 2510; x_wconf 74' lang='lat' dir='ltr'><strong>oratione,</strong></span> <span class='ocrx_word' id='word_1_174' title='bbox 392 2444 499 2497; x_wconf 78' lang='lat' dir='ltr'><strong>dicendi</strong></span> <span class='ocrx_word' id='word_1_175' title='bbox 515 2445 610 2496; x_wconf 79' lang='lat' dir='ltr'><strong>formu.</strong></span> <span class='ocrx_word' id='word_1_176' title='bbox 693 2439 719 2504; x_wconf 71' lang='lat'><strong>4·</strong></span> <span class='ocrx_word' id='word_1_177' title='bbox 733 2437 880 2509; x_wconf 63' lang='grc' dir='ltr'><strong>Εφϊᾶἱΐνν.</strong></span> <span class='ocrx_word' id='word_1_178' title='bbox 896 2441 954 2489; x_wconf 84' lang='lat' dir='ltr'><strong>Put·</strong></span> <span class='ocrx_word' id='word_1_179' title='bbox 968 2435 1043 2487; x_wconf 79' lang='lat' dir='ltr'><strong>Poul·</strong></span> <span class='ocrx_word' id='word_1_180' title='bbox 1057 2438 1111 2487; x_wconf 78' lang='lat' dir='ltr'><strong>BR·</strong></span> <span class='ocrx_word' id='word_1_181' title='bbox 1127 2453 1160 2505; x_wconf 82' lang='grc'>9,</span> 
     </span>
     <span class='ocr_line' id='line_1_22' title="bbox 108 2516 961 2589; baseline -0.005 -17"><span class='ocrx_word' id='word_1_182' title='bbox 108 2519 173 2572; x_wconf 85' lang='lat' dir='ltr'><strong>Vide</strong></span> <span class='ocrx_word' id='word_1_183' title='bbox 185 2523 291 2573; x_wconf 86' lang='lat' dir='ltr'><strong>initium</strong></span> <span class='ocrx_word' id='word_1_184' title='bbox 302 2534 380 2574; x_wconf 75' lang='lat' dir='ltr'><strong>notre.</strong></span> <span class='ocrx_word' id='word_1_185' title='bbox 661 2533 706 2581; x_wconf 84' lang='grc' dir='ltr'>ιο,</span> <span class='ocrx_word' id='word_1_186' title='bbox 721 2516 871 2589; x_wconf 69' lang='lat' dir='ltr'><strong>inpredt&#39;tur.</strong></span> <span class='ocrx_word' id='word_1_187' title='bbox 881 2516 961 2569; x_wconf 74' lang='lat' dir='ltr'><strong>Male.</strong></span> 
     </span>
    </p>

    <p class='ocr_par' dir='ltr' id='par_1_7' title="bbox 108 2594 1161 3068">
     <span class='ocr_line' id='line_1_23' title="bbox 147 2594 1160 2667; baseline -0.003 -18"><span class='ocrx_word' id='word_1_188' title='bbox 147 2615 170 2650; x_wconf 85' lang='grc'><strong>1.</strong></span> <span class='ocrx_word' id='word_1_189' title='bbox 182 2598 302 2652; x_wconf 82' lang='lat' dir='ltr'><strong>Animos.</strong></span> <span class='ocrx_word' id='word_1_190' title='bbox 315 2601 403 2653; x_wconf 79' lang='lat' dir='ltr'><strong>Turde.</strong></span> <span class='ocrx_word' id='word_1_191' title='bbox 416 2599 503 2653; x_wconf 87' lang='lat' dir='ltr'><strong>Guelf.</strong></span> <span class='ocrx_word' id='word_1_192' title='bbox 516 2601 613 2667; x_wconf 71' lang='lat' dir='ltr'><strong>Certe,</strong></span> <span class='ocrx_word' id='word_1_193' title='bbox 694 2595 718 2647; x_wconf 85' lang='lat'><strong>5.</strong></span> <span class='ocrx_word' id='word_1_194' title='bbox 730 2595 827 2648; x_wconf 82' lang='lat' dir='ltr'><strong>Modus</strong></span> <span class='ocrx_word' id='word_1_195' title='bbox 838 2607 934 2648; x_wconf 79' lang='lat' dir='ltr'><strong>autem.</strong></span> <span class='ocrx_word' id='word_1_196' title='bbox 944 2596 1059 2648; x_wconf 78' lang='lat' dir='ltr'><strong>Breviter</strong></span> <span class='ocrx_word' id='word_1_197' title='bbox 1068 2594 1096 2646; x_wconf 92' lang='lat' dir='ltr'><strong>id</strong></span> <span class='ocrx_word' id='word_1_198' title='bbox 1105 2596 1160 2647; x_wconf 83' lang='lat' dir='ltr'><strong>Cic.</strong></span> 
     </span>
     <span class='ocr_line' id='line_1_24' title="bbox 108 2675 1161 2751; baseline -0.001 -24"><span class='ocrx_word' id='word_1_199' title='bbox 108 2677 243 2742; x_wconf 77' lang='lat' dir='ltr'><strong>animum,</strong></span> <span class='ocrx_word' id='word_1_200' title='bbox 259 2694 320 2729; x_wconf 84' lang='lat' dir='ltr'><strong>oum</strong></span> <span class='ocrx_word' id='word_1_201' title='bbox 337 2680 404 2731; x_wconf 77' lang='lat' dir='ltr'><strong>Adur.</strong></span> <span class='ocrx_word' id='word_1_202' title='bbox 417 2685 494 2732; x_wconf 78' lang='lat' dir='ltr'><strong>Voss.</strong></span> <span class='ocrx_word' id='word_1_203' title='bbox 512 2700 525 2733; x_wconf 82' lang='lat'>2</span> <span class='ocrx_word' id='word_1_204' title='bbox 540 2679 614 2751; x_wconf 91' lang='lat' dir='ltr'><strong>(non</strong></span> <span class='ocrx_word' id='word_1_205' title='bbox 659 2677 698 2740; x_wconf 85' lang='lat'><strong>11,</strong></span> <span class='ocrx_word' id='word_1_206' title='bbox 709 2675 741 2726; x_wconf 82' lang='lat' dir='ltr'><strong>de</strong></span> <span class='ocrx_word' id='word_1_207' title='bbox 755 2677 843 2728; x_wconf 70' lang='lat' dir='ltr'><strong>Orat„-</strong></span> <span class='ocrx_word' id='word_1_208' title='bbox 858 2676 930 2729; x_wconf 77' lang='lat' dir='ltr'><strong>«sed</strong></span> <span class='ocrx_word' id='word_1_209' title='bbox 944 2689 1051 2747; x_wconf 85' lang='lat' dir='ltr'><strong>oportet</strong></span> <span class='ocrx_word' id='word_1_210' title='bbox 1060 2675 1161 2726; x_wconf 81' lang='lat' dir='ltr'><strong>utaedi·</strong></span> 
     </span>
     <span class='ocr_line' id='line_1_25' title="bbox 109 2754 1161 2829; baseline 0 -22"><span class='ocrx_word' id='word_1_211' title='bbox 109 2756 269 2828; x_wconf 72' lang='lat' dir='ltr'><strong>astipulante</strong></span> <span class='ocrx_word' id='word_1_212' title='bbox 282 2758 379 2823; x_wconf 62' lang='lat' dir='ltr'><strong>Goth,</strong></span> <span class='ocrx_word' id='word_1_213' title='bbox 395 2761 446 2810; x_wconf 89' lang='lat' dir='ltr'><strong>nisi</strong></span> <span class='ocrx_word' id='word_1_214' title='bbox 459 2777 509 2829; x_wconf 70' lang='lat' dir='ltr'><strong>ego</strong></span> <span class='ocrx_word' id='word_1_215' title='bbox 524 2759 613 2810; x_wconf 81' lang='lat' dir='ltr'><strong>Gueli.</strong></span> <span class='ocrx_word' id='word_1_216' title='bbox 662 2755 733 2806; x_wconf 71' lang='lat' dir='ltr'><strong>«bus</strong></span> <span class='ocrx_word' id='word_1_217' title='bbox 741 2755 879 2826; x_wconf 85' lang='lat' dir='ltr'><strong>ettemplis</strong></span> <span class='ocrx_word' id='word_1_218' title='bbox 886 2755 1016 2806; x_wconf 85' lang='lat' dir='ltr'><strong>vestibula</strong></span> <span class='ocrx_word' id='word_1_219' title='bbox 1024 2769 1050 2807; x_wconf 84' lang='lat' dir='ltr'><strong>et</strong></span> <span class='ocrx_word' id='word_1_220' title='bbox 1059 2754 1161 2821; x_wconf 75' lang='lat' dir='ltr'><strong>aditus,</strong></span> 
     </span>
     <span class='ocr_line' id='line_1_26' title="bbox 109 2837 1161 2908; baseline 0.001 -23"><span class='ocrx_word' id='word_1_221' title='bbox 109 2838 199 2887; x_wconf 78' lang='lat' dir='ltr'><strong>notati</strong></span> <span class='ocrx_word' id='word_1_222' title='bbox 221 2853 272 2908; x_wconf 84' lang='lat' dir='ltr'><strong>pro</strong></span> <span class='ocrx_word' id='word_1_223' title='bbox 295 2837 394 2908; x_wconf 88' lang='lat' dir='ltr'><strong>Goth.)</strong></span> <span class='ocrx_word' id='word_1_224' title='bbox 417 2849 444 2889; x_wconf 82' lang='lat' dir='ltr'><strong>et</strong></span> <span class='ocrx_word' id='word_1_225' title='bbox 467 2837 527 2890; x_wconf 87' lang='lat' dir='ltr'><strong>edd.</strong></span> <span class='ocrx_word' id='word_1_226' title='bbox 552 2850 613 2889; x_wconf 80' lang='lat' dir='ltr'><strong>unte</strong></span> <span class='ocrx_word' id='word_1_227' title='bbox 662 2837 721 2886; x_wconf 76' lang='lat' dir='ltr'><strong>«sic</strong></span> <span class='ocrx_word' id='word_1_228' title='bbox 734 2837 820 2886; x_wconf 79' lang='lat' dir='ltr'><strong>causis</strong></span> <span class='ocrx_word' id='word_1_229' title='bbox 832 2837 962 2906; x_wconf 85' lang='lat' dir='ltr'><strong>principia</strong></span> <span class='ocrx_word' id='word_1_230' title='bbox 975 2853 1024 2906; x_wconf 85' lang='lat' dir='ltr'><strong>pro</strong></span> <span class='ocrx_word' id='word_1_231' title='bbox 1036 2837 1161 2905; x_wconf 82' lang='lat' dir='ltr'><strong>portione</strong></span> 
     </span>
     <span class='ocr_line' id='line_1_27' title="bbox 109 2913 1160 2987; baseline 0.002 -23"><span class='ocrx_word' id='word_1_232' title='bbox 109 2913 208 2987; x_wconf 74' lang='lat' dir='ltr'><strong>Gryph.</strong></span> <span class='ocrx_word' id='word_1_233' title='bbox 232 2917 365 2967; x_wconf 84' lang='lat' dir='ltr'><strong>omnibus.</strong></span> <span class='ocrx_word' id='word_1_234' title='bbox 387 2919 429 2967; x_wconf 87' lang='lat' dir='ltr'><strong>An</strong></span> <span class='ocrx_word' id='word_1_235' title='bbox 449 2916 564 2968; x_wconf 80' lang='lat' dir='ltr'><strong>melius?</strong></span> <span class='ocrx_word' id='word_1_236' title='bbox 578 2939 615 2956; x_wconf 58' lang='lat' dir='ltr'><strong>v·-</strong></span> <span class='ocrx_word' id='word_1_237' title='bbox 661 2933 769 2966; x_wconf 71' lang='lat' dir='ltr'><strong>ererum</strong></span> <span class='ocrx_word' id='word_1_238' title='bbox 786 2933 896 2985; x_wconf 85' lang='lat' dir='ltr'><strong>ponere.</strong></span> <span class='ocrx_word' id='word_1_239' title='bbox 915 2917 1007 2984; x_wconf 79' lang='lat' dir='ltr'><strong>ltaque</strong></span> <span class='ocrx_word' id='word_1_240' title='bbox 1025 2916 1053 2964; x_wconf 92' lang='lat' dir='ltr'><strong>in</strong></span> <span class='ocrx_word' id='word_1_241' title='bbox 1072 2916 1160 2984; x_wconf 77' lang='lat' dir='ltr'><strong>parvis</strong></span> 
     </span>
     <span class='ocr_line' id='line_1_28' title="bbox 109 2992 1160 3068; baseline -0.001 -24"><span class='ocrx_word' id='word_1_242' title='bbox 109 2994 200 3045; x_wconf 80' lang='lat' dir='ltr'><strong>Nostri</strong></span> <span class='ocrx_word' id='word_1_243' title='bbox 211 2996 332 3046; x_wconf 78' lang='lat' dir='ltr'><strong>animum</strong></span> <span class='ocrx_word' id='word_1_244' title='bbox 336 2994 469 3068; x_wconf 76' lang='lat' dir='ltr'><strong>judicum.</strong></span> <span class='ocrx_word' id='word_1_245' title='bbox 484 2999 530 3048; x_wconf 80' lang='lat' dir='ltr'><strong>Eu.</strong></span> <span class='ocrx_word' id='word_1_246' title='bbox 661 2993 762 3044; x_wconf 72' lang='lat' dir='ltr'><strong>«rebus</strong></span> <span class='ocrx_word' id='word_1_247' title='bbox 779 3007 859 3064; x_wconf 83' lang='lat' dir='ltr'><strong>atque</strong></span> <span class='ocrx_word' id='word_1_248' title='bbox 875 2992 1057 3064; x_wconf 79' lang='lat' dir='ltr'><strong>frequentibus</strong></span> <span class='ocrx_word' id='word_1_249' title='bbox 1074 2995 1160 3044; x_wconf 77' lang='lat' dir='ltr'><strong>cautis</strong></span> 
     </span>
    </p>

    <p class='ocr_par' dir='ltr' id='par_1_8' title="bbox 105 3072 1256 4173">
     <span class='ocr_line' id='line_1_29' title="bbox 145 3072 1161 3145; baseline -0.002 -21"><span class='ocrx_word' id='word_1_250' title='bbox 145 3091 170 3125; x_wconf 81' lang='lat' dir='ltr'><strong>n.</strong></span> <span class='ocrx_word' id='word_1_251' title='bbox 187 3074 332 3125; x_wconf 70' lang='lat' dir='ltr'><strong>Facilitate.</strong></span> <span class='ocrx_word' id='word_1_252' title='bbox 352 3078 390 3126; x_wconf 82' lang='lat' dir='ltr'><strong>Ite</strong></span> <span class='ocrx_word' id='word_1_253' title='bbox 407 3077 494 3126; x_wconf 74' lang='lat' dir='ltr'><strong>Turio.</strong></span> <span class='ocrx_word' id='word_1_254' title='bbox 512 3073 543 3145; x_wconf 80' lang='lat' dir='ltr'><strong>(a</strong></span> <span class='ocrx_word' id='word_1_255' title='bbox 559 3093 612 3126; x_wconf 81' lang='lat' dir='ltr'><strong>see.</strong></span> <span class='ocrx_word' id='word_1_256' title='bbox 661 3072 717 3123; x_wconf 73' lang='lat' dir='ltr'><strong>reb</strong></span> <span class='ocrx_word' id='word_1_257' title='bbox 733 3075 791 3143; x_wconf 79' lang='lat' dir='ltr'><strong>ipsa</strong></span> <span class='ocrx_word' id='word_1_258' title='bbox 807 3091 835 3124; x_wconf 86' lang='lat' dir='ltr'><strong>re</strong></span> <span class='ocrx_word' id='word_1_259' title='bbox 854 3086 894 3124; x_wconf 87' lang='lat' dir='ltr'><strong>est</strong></span> <span class='ocrx_word' id='word_1_260' title='bbox 911 3072 1023 3125; x_wconf 83' lang='lat' dir='ltr'><strong>exordiri</strong></span> <span class='ocrx_word' id='word_1_261' title='bbox 1041 3091 1161 3123; x_wconf 84' lang='lat' dir='ltr'><strong>oomruo-</strong></span> 
     </span>
     <span class='ocr_line' id='line_1_30' title="bbox 108 3151 946 3226; baseline -0.006 -19"><span class='ocrx_word' id='word_1_262' title='bbox 108 3171 190 3207; x_wconf 83' lang='lat' dir='ltr'><strong>ntenu</strong></span> <span class='ocrx_word' id='word_1_263' title='bbox 200 3168 282 3223; x_wconf 89' lang='lat' dir='ltr'><strong>quum</strong></span> <span class='ocrx_word' id='word_1_264' title='bbox 293 3157 366 3224; x_wconf 86' lang='lat' dir='ltr'><strong>pn&#39;or</strong></span> <span class='ocrx_word' id='word_1_265' title='bbox 374 3155 491 3207; x_wconf 77' lang='lat' dir='ltr'><strong>dedisset</strong></span> <span class='ocrx_word' id='word_1_266' title='bbox 497 3155 614 3226; x_wconf 69' lang='lat' dir='ltr'><strong>farniw-</strong></span> <span class='ocrx_word' id='word_1_267' title='bbox 662 3151 757 3213; x_wconf 71' lang='lat' dir='ltr'><strong>«dius,</strong></span> <span class='ocrx_word' id='word_1_268' title='bbox 770 3165 843 3203; x_wconf 76' lang='lat' dir='ltr'><strong>etc.»</strong></span> <span class='ocrx_word' id='word_1_269' title='bbox 858 3154 946 3205; x_wconf 76' lang='lat' dir='ltr'><strong>Guev.</strong></span> 
     </span>
     <span class='ocr_line' id='line_1_31' title="bbox 110 3228 1209 3305; baseline -0.003 -22"><span class='ocrx_word' id='word_1_270' title='bbox 110 3231 244 3296; x_wconf 70' lang='lat' dir='ltr'><strong>edeetui,</strong></span> <span class='ocrx_word' id='word_1_271' title='bbox 257 3249 309 3303; x_wconf 87' lang='lat' dir='ltr'><strong>-pro</strong></span> <span class='ocrx_word' id='word_1_272' title='bbox 324 3234 428 3286; x_wconf 80' lang='lat' dir='ltr'><strong>destitui</strong></span> <span class='ocrx_word' id='word_1_273' title='bbox 441 3247 503 3305; x_wconf 84' lang='lat' dir='ltr'><strong>poet</strong></span> <span class='ocrx_word' id='word_1_274' title='bbox 517 3233 614 3285; x_wconf 82' lang='lat' dir='ltr'><strong>reduc-</strong></span> <span class='ocrx_word' id='word_1_275' title='bbox 694 3230 719 3281; x_wconf 86' lang='lat'><strong>6.</strong></span> <span class='ocrx_word' id='word_1_276' title='bbox 730 3228 869 3282; x_wconf 82' lang='lat' dir='ltr'><strong>Ridendi...</strong></span> <span class='ocrx_word' id='word_1_277' title='bbox 882 3229 1088 3281; x_wconf 80' lang='lat' dir='ltr'><strong>terminarentur.</strong></span> <span class='ocrx_word' id='word_1_278' title='bbox 1096 3228 1162 3280; x_wconf 75' lang='lat' dir='ltr'><strong>Tale</strong></span> <span class='ocrx_word' id='word_1_279' title='bbox 1207 3263 1209 3266; x_wconf 95' lang='lat'>-</span> 
     </span>
     <span class='ocr_line' id='line_1_32' title="bbox 109 3306 1256 3381; baseline -0.003 -19"><span class='ocrx_word' id='word_1_280' title='bbox 109 3310 148 3381; x_wconf 85' lang='lat' dir='ltr'><strong>to)</strong></span> <span class='ocrx_word' id='word_1_281' title='bbox 169 3321 197 3363; x_wconf 84' lang='lat' dir='ltr'><strong>et</strong></span> <span class='ocrx_word' id='word_1_282' title='bbox 217 3312 318 3373; x_wconf 60' lang='lat' dir='ltr'><strong>Cium</strong></span> <span class='ocrx_word' id='word_1_283' title='bbox 337 3315 366 3364; x_wconf 84' lang='lat' dir='ltr'><strong>it.</strong></span> <span class='ocrx_word' id='word_1_284' title='bbox 384 3326 459 3364; x_wconf 82' lang='lat' dir='ltr'><strong>tetus</strong></span> <span class='ocrx_word' id='word_1_285' title='bbox 479 3312 570 3364; x_wconf 81' lang='lat' dir='ltr'><strong>Codex</strong></span> <span class='ocrx_word' id='word_1_286' title='bbox 587 3315 614 3364; x_wconf 91' lang='lat' dir='ltr'><strong>in</strong></span> <span class='ocrx_word' id='word_1_287' title='bbox 660 3307 926 3378; x_wconf 76' lang='lat' dir='ltr'><strong>quidaboequalibus</strong></span> <span class='ocrx_word' id='word_1_288' title='bbox 938 3308 1049 3360; x_wconf 71' lang='lat' dir='ltr'><strong>inlibris</strong></span> <span class='ocrx_word' id='word_1_289' title='bbox 1060 3306 1094 3358; x_wconf 93' lang='lat' dir='ltr'><strong>de</strong></span> <span class='ocrx_word' id='word_1_290' title='bbox 1106 3321 1162 3360; x_wconf 81' lang='lat' dir='ltr'><strong>orto</strong></span> <span class='ocrx_word' id='word_1_291' title='bbox 1252 3367 1256 3375; x_wconf 32' lang='grc' dir='ltr'>Ι</span> 
     </span>
     <span class='ocr_line' id='line_1_33' title="bbox 109 3387 1163 3459; baseline 0.001 -19"><span class='ocrx_word' id='word_1_292' title='bbox 109 3392 226 3458; x_wconf 68' lang='lat' dir='ltr'><strong>margine</strong></span> <span class='ocrx_word' id='word_1_293' title='bbox 239 3390 315 3442; x_wconf 83' lang='lat' dir='ltr'><strong>Busil.</strong></span> <span class='ocrx_word' id='word_1_294' title='bbox 329 3393 392 3442; x_wconf 79' lang='lat' dir='ltr'><strong>Aee.</strong></span> <span class='ocrx_word' id='word_1_295' title='bbox 405 3391 486 3444; x_wconf 87' lang='lat' dir='ltr'><strong>Goth.</strong></span> <span class='ocrx_word' id='word_1_296' title='bbox 498 3397 574 3444; x_wconf 83' lang='lat' dir='ltr'><strong>Vots.</strong></span> <span class='ocrx_word' id='word_1_297' title='bbox 589 3410 614 3443; x_wconf 81' lang='lat'><strong>2.</strong></span> <span class='ocrx_word' id='word_1_298' title='bbox 658 3388 794 3459; x_wconf 86' lang='lat' dir='ltr'><strong>proditum</strong></span> <span class='ocrx_word' id='word_1_299' title='bbox 806 3391 887 3441; x_wconf 79' lang='lat' dir='ltr'><strong>fuisse</strong></span> <span class='ocrx_word' id='word_1_300' title='bbox 899 3403 1007 3439; x_wconf 81' lang='lat' dir='ltr'><strong>necesse</strong></span> <span class='ocrx_word' id='word_1_301' title='bbox 1020 3400 1068 3438; x_wconf 82' lang='lat' dir='ltr'><strong>est.</strong></span> <span class='ocrx_word' id='word_1_302' title='bbox 1081 3387 1163 3456; x_wconf 87' lang='lat' dir='ltr'><strong>Quod</strong></span> 
     </span>
     <span class='ocr_line' id='line_1_34' title="bbox 110 3467 1164 3541; baseline -0.001 -21"><span class='ocrx_word' id='word_1_303' title='bbox 110 3470 171 3520; x_wconf 81' lang='lat' dir='ltr'><strong>Nun</strong></span> <span class='ocrx_word' id='word_1_304' title='bbox 178 3483 341 3520; x_wconf 80' lang='lat' dir='ltr'><strong>memoratur</strong></span> <span class='ocrx_word' id='word_1_305' title='bbox 350 3471 418 3522; x_wconf 82' lang='lat' dir='ltr'><strong>Alut.</strong></span> <span class='ocrx_word' id='word_1_306' title='bbox 427 3471 543 3541; x_wconf 64' lang='lat' dir='ltr'><strong>Reliquae</strong></span> <span class='ocrx_word' id='word_1_307' title='bbox 551 3489 614 3521; x_wconf 79' lang='lat' dir='ltr'><strong>rneoe</strong></span> <span class='ocrx_word' id='word_1_308' title='bbox 659 3468 712 3519; x_wconf 87' lang='lat' dir='ltr'><strong>huc</strong></span> <span class='ocrx_word' id='word_1_309' title='bbox 724 3467 845 3532; x_wconf 78' lang='lat' dir='ltr'><strong>trahunt,</strong></span> <span class='ocrx_word' id='word_1_310' title='bbox 856 3481 969 3537; x_wconf 75' lang='lat' dir='ltr'><strong>quotuor</strong></span> <span class='ocrx_word' id='word_1_311' title='bbox 978 3480 1066 3539; x_wconf 80' lang='lat' dir='ltr'><strong>partes</strong></span> <span class='ocrx_word' id='word_1_312' title='bbox 1078 3487 1164 3538; x_wconf 80' lang='lat' dir='ltr'><strong>prom·</strong></span> 
     </span>
     <span class='ocr_line' id='line_1_35' title="bbox 105 3545 1163 3618; baseline 0 -20"><span class='ocrx_word' id='word_1_313' title='bbox 105 3546 254 3617; x_wconf 66' lang='lat' dir='ltr'><strong>sumitate,</strong></span> <span class='ocrx_word' id='word_1_314' title='bbox 269 3562 299 3598; x_wconf 92' lang='lat' dir='ltr'><strong>ut</strong></span> <span class='ocrx_word' id='word_1_315' title='bbox 313 3563 340 3599; x_wconf 90' lang='lat' dir='ltr'><strong>et</strong></span> <span class='ocrx_word' id='word_1_316' title='bbox 353 3549 433 3600; x_wconf 85' lang='lat' dir='ltr'><strong>Gesn.</strong></span> <span class='ocrx_word' id='word_1_317' title='bbox 448 3551 475 3602; x_wconf 81' lang='lat' dir='ltr'><strong>si</strong></span> <span class='ocrx_word' id='word_1_318' title='bbox 493 3549 557 3618; x_wconf 91' lang='lat' dir='ltr'><strong>quid</strong></span> <span class='ocrx_word' id='word_1_319' title='bbox 572 3552 615 3600; x_wconf 83' lang='lat' dir='ltr'><strong>iu·</strong></span> <span class='ocrx_word' id='word_1_320' title='bbox 660 3549 706 3598; x_wconf 85' lang='lat' dir='ltr'><strong>mii</strong></span> <span class='ocrx_word' id='word_1_321' title='bbox 722 3546 756 3597; x_wconf 83' lang='lat' dir='ltr'><strong>ab</strong></span> <span class='ocrx_word' id='word_1_322' title='bbox 773 3549 937 3617; x_wconf 71' lang='lat' dir='ltr'><strong>Hermogene</strong></span> <span class='ocrx_word' id='word_1_323' title='bbox 951 3547 1032 3598; x_wconf 81' lang='lat' dir='ltr'><strong>stetui</strong></span> <span class='ocrx_word' id='word_1_324' title='bbox 1045 3545 1079 3598; x_wconf 87' lang='lat' dir='ltr'><strong>de</strong></span> <span class='ocrx_word' id='word_1_325' title='bbox 1093 3550 1163 3612; x_wconf 62' lang='lat' dir='ltr'><strong>Iun,</strong></span> 
     </span>
     <span class='ocr_line' id='line_1_36' title="bbox 111 3624 1162 3698; baseline 0.002 -22"><span class='ocrx_word' id='word_1_326' title='bbox 111 3637 191 3677; x_wconf 81' lang='lat' dir='ltr'><strong>terest</strong></span> <span class='ocrx_word' id='word_1_327' title='bbox 200 3624 362 3695; x_wconf 80' lang='lat' dir='ltr'><strong>fucultatem</strong></span> <span class='ocrx_word' id='word_1_328' title='bbox 374 3629 443 3678; x_wconf 87' lang='lat' dir='ltr'><strong>inter</strong></span> <span class='ocrx_word' id='word_1_329' title='bbox 457 3640 484 3679; x_wconf 88' lang='lat' dir='ltr'><strong>et</strong></span> <span class='ocrx_word' id='word_1_330' title='bbox 492 3627 615 3698; x_wconf 73' lang='lat' dir='ltr'><strong>facilita-</strong></span> <span class='ocrx_word' id='word_1_331' title='bbox 660 3629 706 3679; x_wconf 83' lang='lat' dir='ltr'><strong>lib.</strong></span> <span class='ocrx_word' id='word_1_332' title='bbox 719 3630 744 3694; x_wconf 87' lang='grc' dir='ltr'>Ι,</span> <span class='ocrx_word' id='word_1_333' title='bbox 755 3648 779 3679; x_wconf 87' lang='lat' dir='ltr'><strong>e.</strong></span> <span class='ocrx_word' id='word_1_334' title='bbox 794 3627 824 3694; x_wconf 85' lang='grc'>5,</span> <span class='ocrx_word' id='word_1_335' title='bbox 839 3628 953 3680; x_wconf 82' lang='lat' dir='ltr'><strong>alienum</strong></span> <span class='ocrx_word' id='word_1_336' title='bbox 968 3640 1015 3679; x_wconf 87' lang='lat' dir='ltr'><strong>est.</strong></span> <span class='ocrx_word' id='word_1_337' title='bbox 1030 3629 1096 3678; x_wconf 83' lang='lat' dir='ltr'><strong>item</strong></span> <span class='ocrx_word' id='word_1_338' title='bbox 1110 3646 1162 3678; x_wconf 84' lang='lat' dir='ltr'><strong>nu·</strong></span> 
     </span>
     <span class='ocr_line' id='line_1_37' title="bbox 111 3703 1163 3779; baseline 0.003 -25"><span class='ocrx_word' id='word_1_339' title='bbox 111 3712 179 3768; x_wconf 73' lang='lat' dir='ltr'><strong>tem,</strong></span> <span class='ocrx_word' id='word_1_340' title='bbox 194 3703 268 3773; x_wconf 88' lang='lat' dir='ltr'><strong>quod</strong></span> <span class='ocrx_word' id='word_1_341' title='bbox 280 3718 319 3756; x_wconf 84' lang='lat' dir='ltr'><strong>est</strong></span> <span class='ocrx_word' id='word_1_342' title='bbox 331 3706 466 3776; x_wconf 72' lang='lat' dir='ltr'><strong>profecto,</strong></span> <span class='ocrx_word' id='word_1_343' title='bbox 479 3706 541 3759; x_wconf 89' lang='lat' dir='ltr'><strong>huic</strong></span> <span class='ocrx_word' id='word_1_344' title='bbox 554 3707 614 3757; x_wconf 86' lang='lat' dir='ltr'><strong>loco</strong></span> <span class='ocrx_word' id='word_1_345' title='bbox 660 3727 761 3759; x_wconf 85' lang='lat' dir='ltr'><strong>merum</strong></span> <span class='ocrx_word' id='word_1_346' title='bbox 776 3710 924 3779; x_wconf 78' lang='lat' dir='ltr'><strong>partitionis</strong></span> <span class='ocrx_word' id='word_1_347' title='bbox 941 3707 1062 3779; x_wconf 67' lang='lat' dir='ltr'><strong>prefiniti</strong></span> <span class='ocrx_word' id='word_1_348' title='bbox 1075 3719 1163 3772; x_wconf 81' lang='lat' dir='ltr'><strong>vetat,</strong></span> 
     </span>
     <span class='ocr_line' id='line_1_38' title="bbox 111 3781 952 3859; baseline 0.007 -27"><span class='ocrx_word' id='word_1_349' title='bbox 111 3784 200 3853; x_wconf 69' lang='lat' dir='ltr'><strong>aptius</strong></span> <span class='ocrx_word' id='word_1_350' title='bbox 207 3781 285 3852; x_wconf 67' lang='lat' dir='ltr'><strong>faciit</strong></span> <span class='ocrx_word' id='word_1_351' title='bbox 294 3784 361 3835; x_wconf 88' lang='lat' dir='ltr'><strong>Vide</strong></span> <span class='ocrx_word' id='word_1_352' title='bbox 373 3786 499 3837; x_wconf 79' lang='lat' dir='ltr'><strong>confusos</strong></span> <span class='ocrx_word' id='word_1_353' title='bbox 512 3785 616 3856; x_wconf 71' lang='lat' dir='ltr'><strong>aliquo-</strong></span> <span class='ocrx_word' id='word_1_354' title='bbox 660 3789 706 3840; x_wconf 87' lang='lat' dir='ltr'><strong>lib.</strong></span> <span class='ocrx_word' id='word_1_355' title='bbox 719 3792 833 3859; x_wconf 78' lang='lat' dir='ltr'><strong>1v‚cap.</strong></span> <span class='ocrx_word' id='word_1_356' title='bbox 848 3788 878 3855; x_wconf 84' lang='lat'><strong>5,</strong></span> <span class='ocrx_word' id='word_1_357' title='bbox 890 3787 912 3858; x_wconf 82' lang='lat'><strong>§.</strong></span> <span class='ocrx_word' id='word_1_358' title='bbox 927 3787 952 3838; x_wconf 87' lang='grc'><strong>3.</strong></span> 
     </span>
     <span class='ocr_line' id='line_1_39' title="bbox 112 3861 1161 3939; baseline 0.001 -26"><span class='ocrx_word' id='word_1_359' title='bbox 112 3863 160 3914; x_wconf 75' lang='lat' dir='ltr'><strong>ties</strong></span> <span class='ocrx_word' id='word_1_360' title='bbox 172 3861 221 3912; x_wconf 80' lang='lat' dir='ltr'><strong>hes</strong></span> <span class='ocrx_word' id='word_1_361' title='bbox 231 3876 311 3913; x_wconf 81' lang='lat' dir='ltr'><strong>voees</strong></span> <span class='ocrx_word' id='word_1_362' title='bbox 322 3865 350 3914; x_wconf 93' lang='lat' dir='ltr'><strong>in</strong></span> <span class='ocrx_word' id='word_1_363' title='bbox 362 3863 446 3915; x_wconf 91' lang='lat' dir='ltr'><strong>Codd.</strong></span> <span class='ocrx_word' id='word_1_364' title='bbox 459 3866 496 3927; x_wconf 83' lang='grc' dir='ltr'>Π,</span> <span class='ocrx_word' id='word_1_365' title='bbox 512 3865 557 3930; x_wconf 76' lang='grc'>14,</span> <span class='ocrx_word' id='word_1_366' title='bbox 567 3865 616 3935; x_wconf 72' lang='lat'><strong>373</strong></span> <span class='ocrx_word' id='word_1_367' title='bbox 696 3886 721 3939; x_wconf 85' lang='lat'><strong>7.</strong></span> <span class='ocrx_word' id='word_1_368' title='bbox 739 3869 800 3919; x_wconf 80' lang='lat' dir='ltr'><strong>Ut...</strong></span> <span class='ocrx_word' id='word_1_369' title='bbox 812 3868 1019 3920; x_wconf 73' lang='lat' dir='ltr'><strong>remitterentur.</strong></span> <span class='ocrx_word' id='word_1_370' title='bbox 1033 3866 1093 3916; x_wconf 84' lang='lat' dir='ltr'><strong>Haee</strong></span> <span class='ocrx_word' id='word_1_371' title='bbox 1106 3863 1161 3914; x_wconf 81' lang='lat' dir='ltr'><strong>duo</strong></span> 
     </span>
     <span class='ocr_line' id='line_1_40' title="bbox 111 3939 1162 4016; baseline -0.015 -9"><span class='ocrx_word' id='word_1_372' title='bbox 111 3942 147 4007; x_wconf 67' lang='lat' dir='ltr'><strong>fla</strong></span> <span class='ocrx_word' id='word_1_373' title='bbox 163 3939 210 4006; x_wconf 66' lang='lat'><strong>¹52</strong></span> <span class='ocrx_word' id='word_1_374' title='bbox 225 3941 350 4008; x_wconf 72' lang='lat' dir='ltr'><strong>3⁰3V11‚</strong></span> <span class='ocrx_word' id='word_1_375' title='bbox 366 3960 396 4010; x_wconf 65' lang='lat'><strong>²,</strong></span> <span class='ocrx_word' id='word_1_376' title='bbox 411 3942 458 4007; x_wconf 83' lang='grc'><strong>55;</strong></span> <span class='ocrx_word' id='word_1_377' title='bbox 474 3946 511 4010; x_wconf 82' lang='lat' dir='ltr'><strong>X,</strong></span> <span class='ocrx_word' id='word_1_378' title='bbox 527 3959 552 4015; x_wconf 78' lang='lat'><strong>7,</strong></span> <span class='ocrx_word' id='word_1_379' title='bbox 569 3947 615 4010; x_wconf 86' lang='grc'>18,</span> <span class='ocrx_word' id='word_1_380' title='bbox 660 3949 740 4000; x_wconf 83' lang='lat' dir='ltr'><strong>verbu</strong></span> <span class='ocrx_word' id='word_1_381' title='bbox 765 3949 866 3999; x_wconf 75' lang='lat' dir='ltr'><strong>omissio</strong></span> <span class='ocrx_word' id='word_1_382' title='bbox 889 3947 1050 4016; x_wconf 72' lang='lat' dir='ltr'><strong>interjectis,</strong></span> <span class='ocrx_word' id='word_1_383' title='bbox 1073 3945 1162 3995; x_wconf 44' lang='lat' dir='ltr'><strong>conti„</strong></span> 
     </span>
     <span class='ocr_line' id='line_1_41' title="bbox 116 4021 1161 4095; baseline 0.002 -23"><span class='ocrx_word' id='word_1_384' title='bbox 116 4035 155 4091; x_wconf 83' lang='lat'><strong>19.</strong></span> <span class='ocrx_word' id='word_1_385' title='bbox 168 4024 246 4073; x_wconf 82' lang='lat' dir='ltr'><strong>Terv.</strong></span> <span class='ocrx_word' id='word_1_386' title='bbox 262 4035 288 4073; x_wconf 86' lang='lat' dir='ltr'><strong>et</strong></span> <span class='ocrx_word' id='word_1_387' title='bbox 303 4021 362 4074; x_wconf 80' lang='lat' dir='ltr'><strong>Ald.</strong></span> <span class='ocrx_word' id='word_1_388' title='bbox 377 4021 536 4095; x_wconf 65' lang='lat' dir='ltr'><strong>difficultate</strong></span> <span class='ocrx_word' id='word_1_389' title='bbox 549 4024 615 4090; x_wconf 63' lang='lat' dir='ltr'><strong>soii,</strong></span> <span class='ocrx_word' id='word_1_390' title='bbox 659 4042 743 4079; x_wconf 76' lang='lat' dir='ltr'><strong>nuent</strong></span> <span class='ocrx_word' id='word_1_391' title='bbox 750 4029 836 4077; x_wconf 77' lang='lat' dir='ltr'><strong>Tutie-</strong></span> <span class='ocrx_word' id='word_1_392' title='bbox 851 4026 1002 4094; x_wconf 71' lang='lat' dir='ltr'><strong>Aim.Voss.</strong></span> <span class='ocrx_word' id='word_1_393' title='bbox 1018 4043 1040 4089; x_wconf 92' lang='grc'>1,</span> <span class='ocrx_word' id='word_1_394' title='bbox 1050 4025 1076 4091; x_wconf 81' lang='grc'>3,</span> <span class='ocrx_word' id='word_1_395' title='bbox 1086 4027 1161 4076; x_wconf 84' lang='lat' dir='ltr'><strong>Bern.</strong></span> 
     </span>
     <span class='ocr_line' id='line_1_42' title="bbox 113 4101 1163 4173; baseline 0.002 -22"><span class='ocrx_word' id='word_1_396' title='bbox 113 4117 162 4152; x_wconf 89' lang='lat' dir='ltr'><strong>nee</strong></span> <span class='ocrx_word' id='word_1_397' title='bbox 172 4103 228 4154; x_wconf 80' lang='lat' dir='ltr'><strong>ecio</strong></span> <span class='ocrx_word' id='word_1_398' title='bbox 238 4101 322 4169; x_wconf 87' lang='lat' dir='ltr'><strong>unde,</strong></span> <span class='ocrx_word' id='word_1_399' title='bbox 333 4103 380 4156; x_wconf 83' lang='lat' dir='ltr'><strong>sed</strong></span> <span class='ocrx_word' id='word_1_400' title='bbox 390 4121 445 4156; x_wconf 91' lang='lat' dir='ltr'><strong>nou</strong></span> <span class='ocrx_word' id='word_1_401' title='bbox 454 4107 510 4158; x_wconf 84' lang='lat' dir='ltr'><strong>siue</strong></span> <span class='ocrx_word' id='word_1_402' title='bbox 521 4124 615 4173; x_wconf 80' lang='lat' dir='ltr'><strong>sensu,</strong></span> <span class='ocrx_word' id='word_1_403' title='bbox 660 4107 683 4158; x_wconf 72' lang='lat' dir='ltr'>A</span> <span class='ocrx_word' id='word_1_404' title='bbox 699 4125 751 4159; x_wconf 86' lang='lat' dir='ltr'><strong>see.</strong></span> <span class='ocrx_word' id='word_1_405' title='bbox 769 4119 858 4157; x_wconf 79' lang='lat' dir='ltr'><strong>temen</strong></span> <span class='ocrx_word' id='word_1_406' title='bbox 873 4123 953 4156; x_wconf 84' lang='lat' dir='ltr'><strong>uranu</strong></span> <span class='ocrx_word' id='word_1_407' title='bbox 967 4104 1055 4154; x_wconf 83' lang='lat' dir='ltr'><strong>Turio.</strong></span> <span class='ocrx_word' id='word_1_408' title='bbox 1072 4103 1163 4154; x_wconf 87' lang='lat' dir='ltr'><strong>inserit</strong></span> 
     </span>
    </p>
   </div>
   <div class='ocr_carea' id='block_1_4' title="bbox 0 0 1322 4822">
    <p class='ocr_par' dir='ltr' id='par_1_9' title="bbox 0 0 1322 4822">
     <span class='ocr_line' id='line_1_43' title="bbox 0 0 1322 4822; baseline 0 0"><span class='ocrx_word' id='word_1_409' title='bbox 0 0 1322 4822; x_wconf 95' lang='lat' dir='ltr'><strong> </strong></span> 
     </span>
    </p>
   </div>
  </div>
 </body>
</html>
