2634 4822
102 423 584 452 mmmmm

106 581 191 778 Μ.
232 648 474 779 rnen
512 647 1117 805 Qurnrrurnru

379 948 840 1084 ORATORIAE

32 1315 34 1321 ι
174 1237 1041 1412 rusurrurrours

448 1565 652 1658 LIBER
683 1569 766 1660 IV.

427 2045 786 2122 PROOEMIUM.

89 2230 509 2344 PERFECTO‚Marcelle
521 2253 690 2346 Victori¹,
706 2253 819 2353 operis
830 2251 895 2326 tibi
907 2227 1133 2327 dedicatiter·
1169 2291 1181 2326 ι

86 2370 128 2442 tio
146 2368 255 2461 libro,
278 2391 311 2443 et
326 2368 402 2472 jam
422 2383 567 2470 quarta²
585 2372 658 2444 fere
678 2368 807 2442 laboris
825 2390 922 2469 parte
939 2389 1130 2461 transacta,

86 2510 177 2557 novae
191 2483 335 2584 insuper
349 2483 437 2557 mihi
450 2481 659 2586 diligentiae³
673 2508 794 2581 causa,
807 2501 841 2557 et
853 2481 954 2556 altior
967 2482 1132 2557 sollicitu-

117 2708 139 2742 ι.
149 2688 275 2743 Marcelle
284 2689 389 2744 Victori.
397 2690 485 2744 Guelr.
495 2691 582 2742 Marci
625 2708 675 2763 pro
688 2708 742 2762 quo
754 2687 880 2743 Marcelle
893 2687 946 2760 legi
959 2687 1056 2742 debere
1069 2706 1133 2742 mor

84 2767 111 2820 V.
119 2787 181 2820 cum
190 2771 262 2820 Jens.
273 2767 336 2837 (tac.
345 2770 437 2841 Gesn.)
446 2771 496 2822 nisi
507 2767 582 2840 quod
625 2783 671 2822 net
682 2771 710 2821 in
722 2770 792 2821 notis
802 2767 907 2821 Badius.
918 2771 1023 2822 Nomen
1033 2770 1131 2821 omittit

82 2844 121 2898 hic
140 2857 152 2898 t
168 2865 219 2918 pro
238 2865 261 2897 c.
277 2844 345 2898 Edd.
363 2860 423 2901 ante
439 2847 499 2898 Ald.
517 2867 581 2900 mere
624 2848 693 2900 Alm.
713 2851 744 2902 ln
759 2848 811 2900 fine
828 2848 916 2919 operis
932 2845 1023 2898 itidem
1039 2847 1130 2898 Marce

80 2925 165 2977 Marce
179 2925 211 2978 V.
217 2962 226 2989 ‚
242 2943 303 2976 curn
316 2925 396 2977 Goth.
411 2923 473 2997 (tac.
488 2927 580 2998 Gesn.)
624 2945 688 2980 meae
705 2926 815 2999 (praeter
830 2927 922 2996 Camp.
938 2927 984 2996 qui
998 2923 1052 2996 mi)
1067 2937 1129 2978 ante

81 3007 122 3074 qui
132 3004 174 3076 (ut
187 3016 213 3057 ct
225 3003 329 3076 Camp.)
340 3007 381 3058 M.
393 3005 507 3058 litteram
517 3027 581 3079 pree·
624 3005 684 3057 Ald.
697 3004 764 3076 (exc.
776 3007 848 3057 Jens.
862 3017 889 3056 et
899 3003 988 3075 Tarv.)
1000 3003 1065 3056 cod.
1079 3021 1128 3055 au·

79 3082 127 3134 fert
144 3082 238 3134 solam.
255 3083 354 3135 Turris.
374 3097 463 3138 tamen
481 3085 581 3138 bonam
624 3095 679 3135 tem
692 3083 780 3137 Guelf.
795 3085 835 3135 M.
848 3083 995 3155 repositum
1006 3084 1034 3134 in
1045 3099 1128 3133 mem·

78 3156 157 3212 habet
173 3162 339 3232 scripturam·
353 3163 520 3217 Jensonianae
537 3183 580 3216 er·
624 3160 706 3214 brana
719 3180 792 3228 rasa,
806 3181 859 3213 rec.
877 3173 1032 3214 atramento.
1045 3159 1126 3212 Goth.

79 3255 163 3292 rorem
181 3253 274 3292 natum
292 3243 413 3312 suspicor
431 3242 465 3294 ab
484 3261 517 3295 eo
534 3246 580 3315 qui
623 3239 660 3291 ibi
668 3245 776 3312 majusc.
786 3239 837 3292 litt.
847 3237 1126 3292 manifesteMarcelle.

78 3319 158 3370 Marti
169 3320 261 3372 victori
269 3325 406 3392 jungeret,
417 3320 501 3393 qualis
511 3322 579 3376 solet
660 3337 685 3371 2.
697 3321 734 3370 Er
736 3322 798 3391 jam
807 3328 909 3390 quarta.
920 3320 962 3372 Sic
972 3316 1056 3370 Codd.
1067 3335 1129 3370 nos¹
1158 3354 1160 3358 -

79 3415 132 3450 esse
143 3398 276 3469 imperitia
285 3398 464 3467 librariorum,
474 3403 579 3454 univer-
624 3399 657 3449 tri
672 3399 745 3449 Avic.
759 3401 817 3449 Put.
830 3397 905 3448 Poul.
925 3414 942 3448 a
957 3415 1009 3449 sec.
1032 3413 1127 3462 manu,

78 3493 130 3527 sam
147 3479 296 3529 orationem
308 3497 477 3549 nequaquam
491 3493 579 3533 atten—
623 3476 691 3528 vall.
709 3475 755 3528 lib.
768 3496 783 3528 a
796 3495 848 3529 sec.
862 3496 957 3543 manu,
970 3478 1024 3528 ΒΗ.
1040 3477 1073 3543 8,
1092 3493 1126 3546 9,

78 3553 203 3607 dentium.
211 3555 276 3608 inde
282 3570 429 3628 propagata
435 3545 579 3611 suntGueb
622 3553 754 3606 Andrean·
765 3556 836 3608 Jens.
848 3554 908 3607 Ald.
920 3554 1009 3605 Etiam
1017 3565 1125 3627 quarta,

77 3632 151 3700 seih„
157 3633 272 3705 denique
280 3635 442 3707 reliquorum
448 3637 578 3690 vitia.Sed
621 3634 675 3684 ΗΒ.
686 3634 716 3700 3,
726 3633 757 3700 5,
768 3649 813 3701 10,
824 3650 863 3686 12.
875 3635 1027 3686 Omiserunt
1036 3635 1089 3684 RR.
1098 3651 1123 3703 7,

77 3709 186 3782 inprimi
196 3730 303 3783 quoque
311 3712 371 3764 libri
379 3715 508 3784 prooemio
519 3713 541 3786 §
550 3715 575 3767 6.
625 3725 664 3761 ιι.
681 3712 800 3783 Etjam‚
815 3712 894 3763 etiam
911 3711 1028 3763 similiter
1044 3710 1125 3764 scribi
1239 3720 1242 3727 ’

77 3789 152 3842 Goth.
168 3789 231 3861 (tac.
246 3792 339 3864 Gesn.)
353 3811 414 3844 cum
429 3793 520 3864 Camp.
535 3794 575 3845 M.
622 3790 783 3861 apudCodd.
786 3796 843 3863 jam
850 3793 1009 3842 monuimus.
1018 3792 1063 3842 Est
1071 3809 1124 3843 una

76 3865 119 3918 ubi
129 3882 218 3921 tamen
228 3868 289 3922 edd.
296 3890 387 3924 verum
394 3888 492 3922 nomen
499 3883 577 3923 tuen·
621 3870 822 3943 eademquevox
830 3873 879 3924 etsi
885 3870 1016 3922 interdum
1021 3870 1123 3924 diversa

77 3956 123 3995 tur.
140 3949 171 3999 In
186 3947 248 3999 libri
264 3950 300 4000 vl
315 3951 405 4016 initio,
422 3948 494 4000 editt.
512 3969 576 4002 meae
621 3951 819 4021 significatione.
831 3952 878 4002 Fur.

77 4021 181 4094 (preter
196 4027 288 4100 Camp.
307 4030 353 4099 qui
367 4027 420 4099 M.)
436 4030 502 4081 ante'
514 4027 574 4081 Ald.
655 4030 681 4082 3.
698 4029 807 4083 Nouii...
825 4027 975 4100 diligentie.
992 4030 1075 4079 Miror
1092 4028 1121 4080 iu

77 4119 164 4158 omnes
176 4106 268 4158 Marce
278 4105 323 4176 (de
334 4109 406 4161 Jens.
419 4120 470 4160 tac.
483 4108 576 4181 Gesn.)
619 4107 769 4162 nullolibro
778 4106 882 4165 ostendi
889 4125 984 4161 nova...
994 4105 1039 4159 dil.
1048 4104 1121 4178 quod
