2634 4822
274 394 599 463 rusururrours
616 395 744 462 onir.
765 397 846 464 un.
866 399 923 481 tv,
947 425 974 466 ι.
1105 377 1144 472 ιε

96 519 280 618 agentium
294 539 414 595 contra
430 517 598 619 ingeniis¹
619 517 824 612 dixerimus,
837 523 955 622 qualia
970 545 1053 599 sunt
1066 526 1145 626 ple-

95 663 203 734 raque
222 634 379 711 Messala
393 633 570 734 prooemia.
588 635 650 705 Est
671 634 767 708 enim
787 639 952 711 naturalis
970 641 1067 713 favor
1082 668 1145 741 pro
1180 680 1214 732 9.

94 749 355 861 laborantibu53
367 770 401 821 et
405 748 515 850 judex
524 747 705 847 religiosus
717 749 944 828 libentissime
957 776 1145 854 patronum

93 865 211 953 audit,
224 891 333 964 quem
340 863 481 965 justitiae
496 891 566 941 suae
579 863 728 937 minime
740 866 879 940 timet²z
896 868 977 941 inde
990 869 1049 943 illa
1060 893 1147 944 vete-

94 978 200 1054 rum³
212 980 304 1055 circa
320 980 565 1055 occultandam
583 979 820 1079 eloquentiam
838 981 1030 1074 simulatio,
1047 985 1146 1058 mul-

93 1115 172 1167 tum
192 1094 237 1166 ab
257 1091 347 1169 hac4
363 1115 561 1170 nostrorum
580 1115 779 1194 temporum
796 1095 982 1197 jactatione
1002 1098 1145 1172 diversa.

93 1208 291 1284 Vitandum
312 1209 439 1300 etiam,
462 1205 508 1283 ne
531 1209 782 1297 contumeliosi,
810 1211 970 1310 malique}
992 1213 1145 1314 superbi,
1166 1255 1198 1291 ιο

91 1325 253 1397 maledici
267 1323 304 1397 in
316 1351 534 1425 quemquam
546 1324 731 1404 hominem
745 1323 945 1403 ordinemve
956 1330 1144 1417 videamur,

92 1437 291 1540 praecipue⁵
309 1466 450 1528 eorum,
467 1439 528 1539 qui
547 1438 645 1531 laedi,
666 1439 732 1511 nisi
751 1440 891 1512 adversa
905 1441 1069 1542 judicum
1086 1471 1147 1516 vo-

92 1551 261 1644 luntate⁶‚
274 1581 347 1626 non
362 1569 541 1657 possunt7.
554 1556 647 1627 Nam
664 1555 701 1627 in
714 1554 874 1655 judicem
891 1583 936 1628 ne
951 1557 1038 1655 quid
1052 1559 1146 1633 dica·
1166 1592 1193 1626 ιι

131 1749 154 1783 1.
163 1729 306 1805 Aqentium
316 1744 384 1785 cont.
396 1733 513 1806 inqeniis.
520 1735 598 1785 Hunc
647 1752 692 1800 lo,
703 1749 748 1800 υ,
758 1737 826 1786 Prat.
837 1735 911 1786 Care.
920 1747 946 1786 et
956 1733 997 1787 ed.
1006 1735 1087 1790 Hack.
1098 1740 1144 1790 En.

92 1809 229 1877 ordinem,
240 1812 285 1880 qui
297 1823 337 1864 est
350 1813 378 1863 in
392 1809 477 1863 Codd.
492 1813 557 1863 meis
572 1823 598 1863 et
679 1811 704 1863 6.
717 1812 869 1865 Adversa...
883 1813 1024 1866 uoluntate.
1038 1817 1079 1868 Sic
1091 1819 1146 1867 Tu-

91 1888 153 1940 edd.
167 1902 229 1941 ante
240 1887 340 1962 Gryph.
353 1888 456 1960 praetuli
467 1891 598 1960 posterio-
642 1892 737 1942 ricens.
753 1904 779 1942 et
792 1892 894 1958 Guelf.,
909 1911 970 1942 cum
981 1893 1049 1944 Alm.
1063 1894 1144 1947 Goth.

90 1985 151 2019 rum
163 1967 218 2038 inq.
231 1978 299 2019 cont.
312 1986 353 2040 aq.
367 1967 434 2022 add.
447 1970 519 2020 Jens.
532 1971 596 2021 Loc.
642 1971 719 2020 voss.
735 1986 765 2035 α,
777 1971 851 2021 Bern.
865 1983 892 2022 et
902 1969 961 2022 edd.
973 1984 1034 2022 ante
1044 1973 1143 2045 Gryph.

91 2050 159 2098 Ven.
178 2047 259 2098 Rusc.
281 2066 296 2098 e
315 2058 406 2098 contra
424 2047 504 2114 dant,
525 2047 597 2118 quod
643 2046 776 2098 omnibus.
794 2047 870 2100 Basit.
888 2050 917 2100 in
933 2051 1049 2118 margine
1068 2053 1145 2120 ponit

90 2139 164 2178 recte
182 2125 317 2198 improbat
332 2129 438 2197 Regius.
457 2126 554 2179 Badius
571 2139 598 2178 et
641 2143 757 2177 averso...
767 2145 790 2175 v.
800 2144 880 2195 quam
890 2129 1046 2197 scripturam
1056 2129 1144 2201 uGry-

89 2205 191 2256 Cereio.
204 2223 219 2256 e
232 2205 369 2257 contrario.
384 2204 472 2260 Turia.
489 2217 515 2259 et
526 2203 594 2256 Alm.
641 2201 706 2273 phio
720 2202 781 2253 inde
795 2202 860 2255 dant
874 2223 966 2256 omnes
983 2206 1042 2257 edd.
1061 2207 1144 2259 Malui
1187 2272 1189 2278 y

88 2283 146 2336 haee
163 2282 273 2336 turbant
288 2283 353 2355 (pro
370 2283 454 2355 imp...
470 2282 551 2355 iuq.).·
568 2283 596 2338 in
640 2295 757 2332 veterum
770 2281 849 2332 fidem
862 2285 951 2352 sequi,
964 2303 1045 2353 quum
1057 2286 1159 2345 adven,
1187 2302 1189 2306 ’

87 2372 213 2433 partera.
228 2380 251 2413 c.
266 2363 388 2434 inqetttea.
404 2362 503 2413 -th
518 2359 596 2428 3‚5‚
639 2361 694 2411 sa'm
705 2359 866 2411 voluntatem
877 2364 955 2413 etiam
965 2363 1021 2414 aliis
1032 2364 1097 2416 iocis
1107 2383 1144 2416 se·
1194 2373 1196 2384 '

94 2456 140 2507 ιο,
156 2441 237 2493 crue.
253 2439 351 2506 Andr.⁷
365 2440 387 2492 si
402 2457 449 2497 nos
462 2436 594 2510 infimos,
640 2440 693 2489 veri
709 2440 793 2493 critici
809 2438 982 2492 defenderint.
993 2442 1059 2494 Vide
1075 2447 1144 2496 Dra-

90 2520 211 2590 impares.
225 2520 289 2571 Mox
301 2537 351 2591 pro
365 2518 507 2571 dixerimus
519 2520 593 2572 Avic.
640 2515 719 2567 kenb.
731 2515 764 2566 ad
773 2517 828 2573 Liv.
839 2519 864 2583 1,
874 2517 923 2585 46,
935 2537 963 2584 ι,
973 2518 1020 2570 ubi
1029 2520 1056 2572 id
1065 2523 1144 2594 maui-

89 2613 117 2652 et
125 2602 169 2651 Jo.
177 2602 205 2650 P.
218 2598 382 2664 duxerimus,
393 2598 466 2669 quod
475 2598 595 2669 praetule·
639 2613 682 2647 me
697 2607 737 2646 est
749 2594 928 2662 documento,
943 2610 969 2648 et
985 2617 1099 2650 aversam
1117 2613 1144 2652 et

88 2679 147 2730 rim.
160 2679 223 2729 Haee
234 2679 305 2731 enim
316 2695 371 2728 non
385 2676 511 2729 dicuntur
521 2678 594 2745 fere,
638 2672 772 2724 adversam
787 2673 952 2726 voluntatem
969 2695 1018 2746 pro
1036 2696 1065 2728 re
1081 2691 1144 2731 nata

89 2755 253 2808 eedtantum
264 2753 421 2810 indicentur.
434 2756 481 2806 En.
639 2751 737 2802 dictam
753 2770 810 2803 esse
828 2771 843 2803 a
859 2754 1005 2820 veteribus,
1025 2757 1098 2826 quod
1115 2759 1144 2809 in

126 2849 152 2885 2.
166 2834 279 2902 Queat...
293 2833 403 2884 minime
416 2832 497 2885 timet.
512 2833 593 2886 Cant.
638 2831 704 2883 Livii
720 2829 765 2881 lib.
778 2831 827 2897 Vl,
842 2850 865 2884 c.
880 2832 930 2899 40,
946 2833 991 2899 14,
1006 2838 1143 2904 oppositas

88 2930 115 2984 q.
128 2913 248 2964 timere...
261 2911 371 2966 minime
384 2911 461 2963 videt.
475 2914 595 2982 Praepos-
639 2904 758 2963 videmus
771 2910 887 2964 advenas
897 2912 1013 2964 secundis
1025 2913 1141 2966 auribus.

89 3002 154 3042 tere.
166 3018 205 3038 ι·-
214 2993 264 3043 Pro
276 2988 387 3060 justitioe
404 3005 494 3040 sum...
512 2989 594 3042 timet.
638 2990 732 3058 Neque
740 2990 808 3040 enirn
816 2988 862 3040 illo
871 2989 932 3039 loco
941 2991 1080 3060 quisquam
1088 3011 1142 3043 ma·

88 3070 160 3120 Jens.
168 3066 441 3136 habetjuttitiesua...
450 3067 532 3119 timet.
543 3069 594 3121 Pro
638 3066 669 3118 lit
680 3085 794 3131 aversae,
808 3085 969 3138 quamquam
982 3082 1007 3119 et
1018 3068 1066 3120 has
1080 3070 1142 3122 alibi

90 3146 165 3198 timet
177 3148 209 3200 R.
225 3165 253 3198 11
268 3159 296 3198 et
308 3159 403 3217 praeter
413 3147 496 3199 Came.
510 3146 593 3204 Andr.
638 3158 710 3198 recte
720 3159 833 3213 tuemur,
842 3147 914 3199 velut
923 3149 978 3199 Lir.
989 3150 1083 3216 XXIV,
1095 3151 1142 3220 26,

89 3225 207 3276 timere...
223 3224 294 3279 videt
306 3223 438 3278 exhibent.
453 3223 532 3276 Male.
547 3227 594 3278 En.
642 3242 683 3277 10.
693 3228 728 3277 Ut
739 3225 850 3277 secunda
863 3239 889 3276 et
900 3226 1005 3277 adversa
1013 3227 1140 3297 fortuna,

125 3304 151 3355 3.
176 3304 307 3357 Vetemm,
326 3303 408 3374 Cujus
425 3305 595 3373 potissimum
639 3306 676 3359 sic
684 3306 763 3356 etiam
773 3304 906 3369 voluntas,
917 3306 1027 3356 secunda
1036 3308 1142 3379 velpro·

89 3383 137 3433 eei
153 3384 206 3435 sint
222 3392 315 3439 veteres
329 3380 357 3433 h.
373 3381 390 3433 l.
406 3395 517 3452 apparet
532 3381 594 3435 ioco
636 3401 718 3453 pensa
726 3383 995 3454 opponituradversoe.
1003 3386 1070 3438 Vide
1077 3390 1152 3443 Gro-v

90 3463 214 3528 gemino,
226 3459 272 3512 lib.
284 3461 345 3526 ΧΙΙ,
358 3478 419 3530 cap.
431 3477 461 3528 9,
475 3459 496 3530 §.
511 3459 536 3512 5.
640 3464 712 3513 novii
723 3462 875 3538 observat,
887 3482 915 3533 p.
926 3462 967 3514 ed.
981 3463 1064 3516 Plant.
1080 3484 1139 3536 771.

126 3538 592 3609 4.Multumebitac.ProquoRR.
638 3539 705 3591 Adv.
731 3554 758 3591 et
780 3557 821 3591 av.
846 3543 988 3610 saepissime
1013 3545 1141 3604 confundi

92 3618 122 3685 3,
132 3617 163 3684 5,
174 3637 200 3688 7,
211 3619 241 3684 8,
256 3635 303 3685 ro,
313 3621 382 3672 nat.
392 3617 467 3685 Ald,
478 3617 595 3675 muitum
639 3619 764 3693 exemplis
776 3619 872 3690 probat
884 3623 952 3673 inter
963 3621 1061 3674 multos
1076 3623 1142 3675 alios
1200 3671 1205 3682 ,

90 3698 122 3748 ab
134 3697 191 3748 hoc.
203 3700 313 3752 Vitioee.
326 3700 373 3751 En.
637 3696 770 3750 Drakenb.
784 3697 818 3749 ad
829 3700 883 3750 liv.
896 3700 934 3764 ΙΙ,
946 3699 991 3764 31,
1003 3699 1028 3751 6.
1036 3730 1072 3740 -
1079 3701 1142 3755 Nul-

128 3774 153 3827 5.
164 3777 305 3848 Praecipue.
316 3778 500 3830 Sic'l'uricens.
511 3775 592 3829 Goth.
636 3775 679 3828 lus
691 3795 706 3830 e
718 3779 814 3829 nostris
829 3776 972 3830 codicibus
985 3776 1031 3828 dat
1044 3797 1139 3832 aversa.

91 3857 167 3907 Voss.
178 3873 207 3922 2,
219 3855 525 3928 cumedd.enteGryph.
537 3875 594 3907 om-
637 3855 724 3912 Ado...
742 3855 850 3921 nolunt,
867 3859 884 3914 i.
903 3877 925 3909 e.
943 3858 1026 3910 itaut
1036 3859 1140 3930 judices

89 3933 169 3985 nibus
177 3935 300 3987 exo.Aid.
308 3935 592 4006 Caeteriproeeipueque.
638 3934 873 3993 adversentur.En.

90 4011 594 4085 Videffl,1,15.-Praeeipueqoeha-
674 4032 698 4084 7.
717 4015 780 4066 Non
796 4024 910 4084 possunt.
925 4015 1013 4066 Turio.
1034 4033 1060 4064 u.
1078 4032 1140 4083 pos-

91 4088 155 4144 bent
175 4095 250 4146 Avic.
273 4095 331 4146 Put.
347 4093 423 4145 Poul.
440 4094 494 4145 RR.
512 4093 544 4160 3,
560 4091 592 4159 5,
637 4091 701 4158 sint,
713 4111 774 4144 cum
784 4094 858 4149 Beru.
871 4091 964 4146 etAld.
976 4090 1091 4160 (Coun.
1102 4089 1142 4161 5.)
