2634 4822
275 400 603 470 INSTITUTIONIS
619 401 748 468 ORAT.
768 401 849 469 LIB.
871 404 928 484 IV,
953 429 980 472 1.
1111 407 1151 478 51

105 525 244 598 dissime
249 524 355 626 jungi
365 524 505 597 initium
514 525 822 624 consequentium¹
836 529 1065 625 poterit².llla
1072 557 1154 604 vero
1172 555 1205 613 77

107 640 230 738 frigida
244 661 279 713 et
292 639 435 740 puerilis
449 639 547 711 estin
562 638 688 711 scholis
704 640 910 732 affectati0³‚
928 663 967 715 ut
980 644 1053 742 ipsc
1067 666 1157 718 tran-

107 755 186 827 situs
200 756 332 828 efliciat
346 754 504 854 aliquam
521 754 642 853 utique
658 755 885 843 sententiam,
900 777 933 828 ct
944 757 1052 858 hujus
1064 759 1159 834 velut

107 868 304 970 prestigiael
317 871 482 969 plausum
494 867 607 969 petat⁵
619 895 627 940 :
641 889 681 940 ut
693 869 841 942 Ovidius
854 870 1028 955 lascivirc⁶
1040 874 1076 952 in
1088 877 1160 947 Mo

106 984 375 1083 tamorphosesi⁷
398 985 500 1072 solet,
525 1009 633 1080 quem
652 1003 771 1055 tamen
794 1010 955 1057 excusare
976 989 1160 1067 necessitas

107 1098 239 1199 ροῑθεῑ8
254 1127 307 1172 res
320 1099 568 1171 diversissimas
583 1097 620 1168 in
635 1098 788 1195 speciem
805 1100 910 1171 unius
925 1103 1079 1199 corporis
1091 1103 1162 1175 col-

108 1215 286 1314 ligentem.
302 1213 443 1286 Oratori
455 1239 536 1284 vero
549 1213 698 1311 quidest
710 1240 849 1285 necesse
865 1216 1161 1314 surripere9hanc
1176 1231 1211 1302 78

107 1348 228 1430 designat
252 1356 552 1410 Pseudo-Turnebus:
579 1355 614 1407 de
658 1357 1165 1427 Magnamigiturinhocartifieioviltu

108 1439 179 1491 Orat.
191 1440 230 1504 11,
245 1438 288 1489 80.
298 1439 376 1488 Hunc
385 1439 475 1508 ipsum
488 1435 614 1487 obversa·
659 1447 716 1487 tem
730 1455 784 1488 non
799 1437 961 1506 agnoscebat
975 1440 1163 1507 Quintilianus.

109 1530 163 1568 tum
177 1535 237 1568 esse
248 1515 413 1584 Quintiliano
428 1517 471 1566 vix
486 1514 613 1567 dubitem.
696 1534 721 1585 7.
747 1517 986 1588 Metamorphosesi.
1009 1520 1051 1571 Sic
1073 1523 1167 1592 scripsi

144 1613 166 1648 1.
177 1595 403 1667 Consequentimn.
410 1596 503 1646 Turio.
512 1613 616 1666 sequen·
661 1597 808 1647 eBemensi
818 1599 868 1647 nisi
878 1596 950 1666 quod
960 1597 1004 1649 ille
1014 1599 1082 1651 male
1092 1600 1167 1653 addit

109 1675 192 1740 tium,
214 1693 276 1726 cum
294 1673 383 1725 Guelf.
402 1672 484 1726 Goth.
505 1687 532 1724 et
550 1671 613 1724 Bad.
659 1692 679 1724 n
693 1677 721 1724 in
735 1674 796 1726 fine.
808 1676 896 1727 Turio.
912 1677 1010 1739 Cana,
1025 1689 1167 1731 metamor·

108 1755 223 1826 Reliquae
231 1753 291 1805 edd.
301 1755 521 1822 meae‚interquas
530 1753 612 1803 cim.
656 1750 761 1822 phorio.
783 1750 887 1819 Gueli,
908 1753 1165 1827 Metamorphoseos,

108 1850 241 1904 consequa„
256 1831 329 1901 quod
345 1830 423 1881 facile
438 1842 544 1901 poterat
558 1832 614 1880 usi·
661 1848 717 1900 quae
735 1833 869 1901 scripturae
887 1832 1048 1900 ostendunt,
1065 1820 1170 1906 aliquid

108 1913 202 1964 tutiore
226 1912 341 1975 mutari,
364 1921 412 1974 et,
437 1906 613 1980 praeterquam
660 1910 1057 1981 superfuisseinantiquisaimo
1066 1915 1165 1968 Codice

109 1988 180 2060 quod
188 2007 258 2041 sono
265 1987 476 2052 commendatur,
485 1988 539 2038 Cic.
552 2005 616 2056 quo·
660 2001 722 2059 post
735 1987 862 2061 syllabam
874 1990 903 2040 si.
913 1993 1039 2042 Nostram
1051 1993 1166 2046 formam

108 2086 160 2138 qne
168 2067 320 2138 exemplum
327 2067 410 2135 magia
416 2067 538 2136 exprimit
544 2064 615 2130 loeo,
660 2067 694 2118 ab
706 2069 814 2119 Heinsio
827 2068 936 2120 defendi
947 2074 975 2122 in
987 2069 1078 2123 limine
1089 2072 1165 2125 Com·
1278 2110 1280 2113 -

109 2166 189 2216 quem
201 2146 256 2198 dixi
268 2149 296 2197 in
309 2159 373 2196 nota
387 2163 464 2215 praec.
482 2163 510 2208 2,
525 2164 552 2215 p.
566 2144 615 2210 50,
659 2147 780 2196 mentanii
791 2147 914 2198 On'diani
926 2133 1099 2202 recte-monet
1111 2153 1164 2203 Co·

107 2223 616 2296 uhicatconsequeus.—Plcriquenos·
659 2222 1164 2282 lomesiuaVichenecaminLudode

108 2317 209 2355 trorum
220 2302 503 2374 hahentsequentium.
516 2300 563 2353 En.
659 2314 745 2353 morte
765 2300 804 2352 Cl.
827 2303 954 2368 Cosanis,
976 2303 1018 2354 ed.
1040 2306 1097 2375 Bip.
1119 2309 1164 2373 fv,

115 2415 119 2420 -
143 2401 168 2434 2.
188 2382 298 2434 Poten't.
316 2382 376 2432 Hoc
390 2398 406 2431 a
423 2381 499 2451 Regii
514 2377 612 2433 Codice
657 2379 725 2433 3852
744 2399 878 2450 «eamque
892 2400 949 2432 rem
963 2382 998 2432 ad
1010 2382 1164 2452 μνιαμορφὸ-

107 2461 214 2528 aberat,
237 2463 283 2531 qni
306 2460 340 2512 de
361 2476 412 2512 auo
432 2459 506 2511 addit
524 2460 611 2530 possit.
660 2458 1163 2530 urrrcondiiadjiciendam.»Jamvul

106 2542 240 2595 Omittunt
250 2541 323 2592 Jens.
337 2537 400 2610 (tac.
414 2539 507 2610 Gasn.)
520 2538 611 2589 Locnt.
656 2555 690 2607 go
709 2555 792 2607 groeca
811 2537 1009 2609 usurpabantur
1024 2538 1077 2591 hoo
1095 2560 1160 2594 nvo.

107 2621 254 2690 Regianum
266 2620 346 2692 possit
355 2619 436 2671 habet
447 2622 549 2671 Veneta
560 2618 611 2688 (vi-
655 2617 722 2669 vide
734 2619 782 2682 ΠΙ,
798 2633 821 2682 ι,
838 2632 881 2679 ¹²3
895 2616 926 2683 4,
942 2634 981 2669 ιο.
995 2618 1100 2690 Reliqui
1111 2639 1162 2671 me·

105 2699 140 2752 de
151 2703 177 2764 1,
187 2700 219 2765 6,
233 2697 291 2770 26),
303 2702 382 2751 Ruso.
393 2707 485 2769 posset.
499 2697 610 2768 (videl,
656 2695 822 2766 tamorplrosi.
833 2692 914 2766 Apud
924 2695 1004 2767 Apul.
1018 2695 1052 2749 dc
1063 2699 1159 2768 Dogm.

106 2780 267 2850 prooemium
278 2776 317 2847 4)
655 2776 785 2841 Platonis,
798 2794 825 2846 p.
838 2775 905 2827 Elm.
920 2794 945 2845 7,
957 2775 1085 2847 aplaneti.
1092 2778 1160 2831 Vide

143 2857 168 2909 3.
190 2855 346 2928 Affectotio.
366 2857 456 2906 Tunc.
476 2851 609 2926 adfectio,
653 2853 726 2908 ond.
740 2853 774 2905 ad
785 2857 908 2919 Motum,
919 2873 946 2924 p.
963 2855 1161 2922 totle-Meta·

106 2955 168 2988 cum
186 2934 274 2987 Guelf.
294 2933 374 2986 Goth.
394 2933 457 3003 (tae.
474 2933 566 3005 Geso.)
585 2946 612 2986 et
655 2930 927 3004 morphosasimullibi
947 2937 1085 3003 reperitur.
1107 2935 1161 2989 sed

108 3014 169 3067 edd.
187 3026 249 3073 ante
267 3015 331 3065 Luc.
350 3014 401 3064 nisi
420 3011 493 3082 quod
510 3010 539 3064 hi
557 3013 609 3084 aff.
657 3030 748 3063 omnes
764 3013 849 3063 nostri
865 3010 967 3062 habent
979 3012 1021 3064 vel
1035 3013 1062 3063 in
1077 3025 1161 3065 meta·

107 3095 181 3147 Talia
204 3088 280 3144 nullo
303 3094 410 3162 negotio
433 3094 610 3160 corriguntur.
655 3088 883 3162 morpboti‚qnod
892 3091 1161 3160 praeetat,velinme·

106 3173 173 3226 vide
188 3174 237 3238 Ill,
252 3172 283 3238 ὃ,
297 3172 340 3222 62.
352 3200 389 3210 -
400 3172 491 3223 Nostri
504 3188 612 3241 quoque
655 3167 842 3239 tamorplosin.
855 3170 901 3220 En.

107 3263 203 3323 preter
213 3254 271 3301 Put.
284 3249 385 3301 habent
395 3247 513 3320 affectio.
524 3248 613 3320 Affeo·
691 3248 717 3300 8.
732 3248 899 3298 Excusare...
912 3244 998 3317 potelt
1010 3264 1056 3299 tes.
1068 3249 1157 3301 Turio.

106 3332 171 3382 tatio
183 3342 273 3381 tamen
284 3328 381 3400 placet.
393 3331 440 3380 En.
655 3343 698 3378 e...
709 3336 769 3396 post
780 3335 835 3377 tres.
846 3324 943 3391 Cane,
955 3324 1066 3378 excusat.
1074 3365 1080 3378 .
1088 3364 1110 3380 ..
1121 3337 1161 3385 tot

142 3406 487 3480 dProestiqt'oeAEddAEm.
497 3403 610 3458 etAndr.
656 3420 700 3456 res.
715 3405 772 3455 Hoc
784 3422 839 3455 non
852 3404 960 3454 omnino
973 3403 1051 3456 male.

106 3486 611 3560 habentpraestiyio.Beneetfor'teme-
690 3500 715 3552 9.
737 3483 878 3553 Surripere.
899 3482 1065 3534 Burmannus
1086 3497 1160 3540 recte

107 3567 166 3618 lius.
178 3567 227 3626 En.
655 3573 792 3632 comparat
805 3561 958 3612 Graecorum
972 3557 1094 3628 aalma,
1107 3578 1159 3634 pro

143 3644 167 3698 5.
186 3646 272 3696 Petat.
291 3645 369 3694 Hunc
385 3657 436 3711 ego
452 3640 610 3711 singularem
655 3659 688 3693 eo
701 3639 774 3712 quod
785 3641 897 3693 latenter
908 3642 962 3694 fiat.
975 3640 1097 3693 Similiter
1109 3641 1158 3698 aed
1191 3633 1195 3639 ⁵

105 3724 274 3778 confidenter
297 3736 390 3776 contra
413 3741 506 3774 omnes
528 3722 610 3774 libros
654 3722 750 3772 minori
768 3719 879 3772 audacia
894 3719 998 3791 spiritns
1014 3721 1157 3791 surripien-

108 3818 208 3856 mntem
219 3805 247 3856 in
258 3803 388 3876 pluralem
397 3812 503 3874 petam,
515 3819 549 3853 nc
560 3820 610 3853 co·
653 3798 702 3852 dus
715 3811 764 3865 est,
780 3801 831 3866 XI,
847 3801 877 3866 3,
895 3801 938 3869 39.
956 3797 1055 3851 «Hanc
1068 3812 1155 3851 traua-

107 3901 154 3953 μ’
162 3882 300 3955 proettiqioe
310 3883 432 3953 accipere
440 3879 559 3932 secundo
570 3897 611 3931 ca·
657 3901 668 3925 a
678 3881 840 3950 grossiorem
850 3903 862 3926 υ
877 3879 941 3931 dicit
953 3897 968 3931 a
979 3880 1108 3957 prooemio
1120 3877 1157 3932 ad

106 3981 139 4014 au
151 3957 306 4032 singuline:
322 3961 399 4033 liujus
409 3973 473 4012 tunc
484 3971 556 4011 recte
567 3977 610 4011 ra·
653 3961 849 4023 narrationem,
869 3961 997 4028 qnoniam
1018 3952 1071 4009 alio
1093 3957 1154 4007 loeo

108 4041 199 4094 tuleris
210 4040 247 4092 ad
256 4041 406 4092 transitum.
653 4037 765 4088 fortasse
781 4036 892 4089 laudem
900 4046 1033 4091 mereatur
1045 4049 1099 4090 tem
1114 4034 1157 4087 la·

125 4119 173 4176 ·ὂ.
195 4119 304 4175 Ovidius
320 4118 517 4176 lascivire......
536 4114 610 4180 sol«.
653 4129 712 4173 tene
723 4117 856 4169 uomitus.

986 4183 1003 4248 4
