2634 4822
225 399 269 467 so
354 448 356 452 »
510 399 558 464 ιι.
577 398 692 465 ιιιιι
709 397 987 483 cumanum

172 537 208 613 74
226 519 367 596 excitari
380 519 534 621 putabaa
554 521 671 611 Quale
689 542 755 610 est,
773 525 807 597 T
803 537 877 593 um¹
899 525 936 596 C.
959 525 997 598 V
991 536 1150 612 arenus²,
1168 512 1272 623 isqui

223 664 246 709 o
251 635 397 737 familia
405 635 634 708 Anchariana
648 642 775 709 occisus
789 653 845 709 est.
859 639 971 733 (Hoc,
989 665 1117 739 queso,
1122 640 1271 738 judices,

224 753 405 851 diliqenter
430 754 623 850 attendite.)
645 752 774 850 Utique
801 753 829 824 si
855 752 1058 852 multiplex³
1078 781 1183 828 causa
1204 776 1271 844 est,

151 935 153 943 .
223 893 287 940 aua
305 866 504 966 quibusque
527 867 682 967 partibus
705 867 822 939 danda
843 869 996 966 praefatio
1019 891 1088 943 est:
1114 892 1171 961 ut,
1200 873 1271 942 Au·

168 995 203 1068 75
224 984 294 1055 dite
312 1010 405 1056 nune
418 983 569 1084 reliqum
584 1004 634 1071 et,
657 987 805 1056 Transeo
824 1010 916 1056 nune
932 984 1023 1057 iiiuc.
1042 985 1110 1057 Sed
1131 986 1169 1057 in
1190 984 1271 1084 ipsis

222 1098 329 1171 etiam
343 1097 607 1197 probationibus
619 1096 733 1168 multa
744 1097 944 1195 funguntur
956 1099 1112 1196 prooemii
1125 1099 1217 1189 vice,
1234 1119 1272 1172 ut

218 1213 304 1285 facit
323 1213 446 1286 Cicero
467 1241 530 1313 pro
550 1209 754 1302 Cluentio-4,
779 1212 933 1284 dicturus
952 1234 1072 1285 contra
1092 1239 1269 1303 censorem

219 1354 283 1428 pro
297 1327 482 1418 Murena⁵,
502 1354 615 1427 quum
636 1327 752 1400 Servio
772 1326 828 1398 se⁶
844 1347 993 1400 excusat.
1009 1331 1145 1401 Verum
1159 1328 1196 1400 id
1207 1327 1271 1437 fre·

220 1444 384 1542 quentius
407 1464 474 1533 est,
497 1469 606 1540 quam
631 1462 670 1513 ut
693 1440 880 1539 exemplis⁷
907 1441 1194 1513 confirmandum
1217 1440 1268 1512 sit.

165 1559 198 1630 7⁶
220 1558 365 1650 Quoties
378 1578 498 1630 autem
511 1555 679 1655 prooemio
692 1553 865 1626 fuerimus
878 1555 947 1643 usi,
962 1575 1058 1645 tum,
1076 1555 1146 1629 sive
1158 1555 1205 1627 ad
1217 1582 1272 1627 ex·

217 1669 1000 1771 positionem⁸transibimus,siveprotinusad
1008 1669 1269 1767 probationem,

217 1786 254 1859 id
269 1785 433 1859 debebit9
451 1785 487 1857 in
508 1783 679 1884 principio
697 1782 913 1881 postremum
932 1809 1021 1872 esse,
1040 1782 1097 1856 cui
1109 1811 1271 1857 eommo-

256 1938 278 1973 1.
292 1920 376 1991 Quale
384 1931 432 1984 est,
443 1920 521 1971 Tum.
532 1921 573 1973 Sic
583 1921 717 1971 Turicens.
764 1921 792 1970 in
812 1936 901 1970 servos
923 1920 951 1971 C.
972 1919 1098 1971 Ancharii
1116 1921 1176 1972 Rufi
1195 1920 1269 1992 (hec

215 2001 304 2054 Guelf.
314 2000 384 2052 Alm.
395 1999 476 2052 Goth.
486 1998 569 2052 vait:
581 1998 641 2050 edd.
656 2017 719 2050 mete
764 1999 837 2049 enim
849 2010 888 2049 est
900 1998 999 2049 familia
1008 1998 1190 2071 Anchariana)
1200 2018 1270 2052 aver·

216 2080 277 2133 ante
288 2080 388 2154 Gryph.
403 2097 494 2131 omnes
509 2097 568 2130 cum
583 2097 632 2149 pro
649 2089 718 2143 nrm,
765 2076 1268 2151 tit(V11,2,10);nectamencausam

216 2159 312 2230 quibus
322 2159 425 2212 accedit
434 2159 522 2210 Guelf.
531 2156 720 2230 Gryphiusau-
764 2157 863 2221 tenuit,
877 2155 924 2206 sed
938 2155 1079 2207 damnatus
1092 2170 1132 2208 est
1143 2159 1172 2213 u
1186 2163 1268 2212 Vare-

215 2250 270 2289 tem
282 2255 368 2308 eoque
381 2239 543 2309 posteriores
558 2239 626 2288 inter
642 2246 679 2287 est
693 2247 720 2287 et
764 2252 823 2285 nus.
838 2237 898 2301 vit,
919 2252 950 2302 2,
970 2233 1012 2286 36.
1032 2238 1191 2306 Fragmenta
1210 2250 1268 2288 sunt

216 2316 285 2370 Tum
301 2319 421 2369 inserunt
442 2315 581 2380 Ciceronis,
600 2314 673 2386 quod
689 2329 719 2367 ut
764 2313 836 2385 apud
848 2316 925 2380 Em,
937 2334 965 2386 p.
981 2313 1057 2380 ¹⁰40·

214 2414 263 2468 per
271 2414 300 2449 se
312 2397 419 2449 minime
430 2408 469 2448 est
480 2393 719 2459 contemnendum,
799 2393 825 2446 3.
834 2393 978 2465 Multiplex
989 2411 1074 2445 causa.
1083 2391 1151 2445 Vide
1162 2392 1209 2445 lib.
1220 2396 1267 2462 ΠΙ,

213 2476 251 2527 ita
266 2477 323 2528 sine
339 2486 448 2526 auctore
464 2474 581 2525 inferciri
596 2492 651 2525 non
671 2472 720 2523 de·
764 2490 823 2542 cap.
836 2489 881 2537 ιο,
893 2471 915 2543 §
928 2489 937 2522 1
948 2472 1011 2536 ;lib.
1023 2475 1067 2538 lv,
1077 2491 1136 2544 cap.
1149 2490 1179 2539 2,
1191 2475 1214 2541 S.
1226 2470 1266 2527 85.

215 2553 268 2606 bet.
280 2554 353 2605 Loco
365 2552 428 2604 huic
438 2554 618 2622 gemino‚IX‚
631 2569 660 2618 2,
671 2551 719 2616 56,
801 2550 826 2616 4.
841 2553 894 2602 Pro
907 2551 1039 2616 Cluentio,
1053 2568 1077 2603 c.
1088 2551 1121 2617 42
1129 2573 1136 2615 3
1147 2571 1196 2624 pro
1208 2555 1267 2604 Mu·

216 2631 307 2684 itidem
323 2633 380 2684 sine
397 2633 512 2683 auctoris
528 2633 665 2683 mentione
682 2630 720 2681 af·
765 2646 841 2694 rena,
858 2647 883 2679 c.
901 2627 926 2679 3.
942 2629 1015 2680 addit
1029 2631 1108 2682 Gesn.
1124 2649 1148 2681 c.
1166 2649 1199 2697 ι,
1219 2648 1267 2701 ι9,

142 2728 144 2732 ’
215 2710 338 2761 feruntur
350 2708 407 2761 haec
420 2708 507 2761 verba.
523 2739 560 2749 —
573 2709 664 2761 Nostri
678 2721 721 2759 ta·
765 2706 812 2758 ubi
824 2707 918 2759 Catoni
932 2711 1010 2760 etiam
1022 2727 1050 2761 se
1062 2722 1185 2762 excusat:
1203 2729 1269 2781 quo-

215 2796 278 2840 inen
294 2786 381 2840 Codd.
398 2807 454 2839 non
470 2784 573 2839 habent‘
586 2786 719 2838 Ciceronis.
765 2786 954 2839 rumiocorum
963 2791 1137 2860 posteriorem
1146 2788 1269 2863 hucpro·

216 2896 254 2907 ·-
261 2867 334 2919 Avie.
345 2865 490 2918 Put.Vallae
500 2865 575 2930 liber,
585 2867 639 2916 ΒΗ.
650 2863 679 2928 5,
691 2864 721 2930 8,
766 2867 822 2935 prie
834 2867 979 2936 pertinere,
991 2869 1116 2938 quoniam
1128 2886 1183 2922 non
1194 2870 1268 2921 estin

214 2963 248 3014 9,
264 2944 333 2995 Tum
349 2947 376 2998 G.
394 2945 519 2998 Varenus.
534 2945 642 3010 Ceteri,
657 2945 722 3004 Cum
766 2946 842 2996 initio
856 2947 990 2998 orationis.

214 3024 246 3077 C.
261 3024 444 3078 Varenum.
468 3046 475 3063 ι
803 3020 828 3075 5.
840 3025 1059 3075 Murena.Turie.
1070 3043 1160 3076 muna.
1171 3027 1220 3077 Per
1229 3027 1266 3091 E,

253 3120 278 3154 ι.
305 3101 438 3163 Varenus,
459 3099 480 3150 is
499 3098 554 3170 qui.
572 3092 723 3152 Pronomen
767 3119 822 3152 non
833 3103 870 3152 AE
874 3140 882 3166 ‚
895 3101 937 3153 vei
951 3116 1044 3154 contra
1055 3103 1137 3165 libros
1150 3105 1268 3156 scriben-

216 3183 344 3233 omittunt
362 3197 455 3230 omnes
473 3179 526 3229 mei
545 3189 571 3229 ct
589 3181 680 3250 scripti
697 3191 723 3231 et
768 3179 832 3230 dum
841 3179 940 3232 (locent
949 3181 1072 3234 Oudend.
1086 3181 1120 3234 ad
1131 3184 1203 3235 Suet.
1210 3183 1267 3236 Tib.

208 3262 306 3313 excusi
314 3271 373 3312 ante
381 3256 480 3330 Gryph.
488 3259 578 3325 Quum
590 3258 723 3311 tamena!-
768 3259 783 3311 8
789 3279 796 3321 ;
811 3258 885 3310 Fulv.
897 3263 956 3312 Urs.
972 3264 1043 3312 Fam.
1059 3265 1150 3329 Rom,
1165 3283 1193 3334 p.
1211 3261 1267 3314 135.

216 3351 289 3404 tero,
301 3357 379 3410 quem
388 3337 516 3402 indicavi,
525 3335 586 3388 loco
596 3339 624 3388 in
636 3340 722 3390 omni-
802 3337 827 3388 6,
840 3338 927 3389 Servio
940 3357 972 3390 se.
983 3342 1046 3391 Tur.
1059 3358 1084 3391 se
1092 3340 1195 3406 Servio,
1208 3359 1268 3392 cum

215 3417 268 3471 bus
281 3429 433 3489 compareat
445 3416 532 3480 libris,
543 3414 585 3467 vei
599 3414 642 3467 hic
656 3417 720 3468 reti-
765 3415 982 3490 Guelferbytano.

213 3498 280 3563 nui,
298 3499 360 3566 quia
378 3495 456 3547 facilc
475 3493 621 3546 excidebat.
637 3525 674 3534 —
691 3497 718 3548 C.
801 3512 826 3565 7.
852 3493 994 3565 Exemplis.
1018 3497 1091 3548 Avic.
1109 3499 1167 3549 Put.
1192 3496 1265 3552 Poul.

217 3577 344 3632 Varenus.
356 3573 480 3639 VidelV,
493 3591 522 3638 a,
536 3572 658 3636 26·item
669 3576 718 3641 IX
763 3572 830 3625 vall.
842 3573 888 3626 lib.
898 3575 952 3625 ΒΗ.
965 3575 1029 3644 8,9.
1043 3578 1111 3627 Prat.
1121 3578 1193 3629 Jens.
1206 3575 1266 3628 Ald.

217 3668 250 3721 2,
271 3652 325 3720 56,
346 3652 393 3705 ubi
414 3652 484 3704 idem
505 3651 580 3703 locus
601 3654 717 3722 ponitur.
761 3655 839 3704 Voss.
860 3668 888 3718 ι,
905 3654 936 3721 3,
952 3656 1027 3707 Bern
1037 3654 1189 3727 wexempio
1206 3657 1267 3708 Non

119 3758 121 3762 >
213 3691 353 3802 Quantrim
375 3730 481 3802 quidem
503 3743 535 3781 ex
554 3731 719 3801 paucissimis
762 3729 839 3782 male.
852 3691 898 3784 Eri.

214 3812 370 3882 fragmentis
380 3808 522 3881 deperditae
532 3807 612 3880 hujus
623 3811 720 3861 oratio
799 3811 824 3861 8.
839 3811 1044 3882 Expositionem.
1054 3810 1121 3864 Vide
1133 3813 1182 3878 111,
1195 3827 1265 3882 9‚7.

215 3887 651 3959 nisCiceronianaepotestcoliigi,
658 3906 719 3941 reus
799 3907 823 3959 9.
841 3891 953 3942 Debebit.
971 3893 1060 3944 Turio
1078 3890 1189 3955 docebit,
1206 3909 1266 3944 curu

217 3983 272 4022 erat
281 3971 310 4022 L.
321 3973 440 4023 Varenus
451 3967 545 4020 caedis
538 3987 565 4019 m
574 3969 603 4020 C.
614 3972 719 4020 Vareno
763 3969 842 4020 Cane.
860 3967 903 4020 An
919 3967 1031 4020 decebit?
1042 3959 1120 4019 Vide
1128 3971 1177 4033 111,
1192 3987 1223 4038 9,
1241 3969 1266 4021 8.

214 4063 242 4102 et
255 4049 354 4103 Salaria
368 4061 493 4122 patratae,
509 4049 537 4100 in
552 4049 600 4100 Cn.
613 4051 718 4101 Vareno
762 4077 798 4086 -
808 4046 841 4096 Id
849 4046 973 4099 debebit...
982 4059 1206 4120 postremumesse.
1215 4049 1267 4100 Lo-

216 4139 330 4182 tentatae.
340 4129 433 4184 Cicero
441 4128 494 4184 hoc
504 4129 604 4181 odmen
614 4127 717 4204 abipso
762 4142 825 4179 eum
833 4126 967 4180 Ciceronis
977 4126 1039 4180 huic
1049 4138 1141 4179 nostro
1154 4125 1265 4181 similem
