2634 4822
188 394 231 472 40
393 437 396 442 .
472 386 948 471 M.Fssseruruu1L1ant
1043 403 1044 412 ¹

135 529 171 600 54
187 508 344 583 Multum
363 509 477 608 gratiae
497 511 636 583 exordio
658 530 722 600 est,
743 510 838 609 quod
859 511 903 582 ab
923 509 1076 582 actione¹
1094 495 1234 583 diversae

188 625 293 725 partis
304 624 485 714 materiam
495 626 613 714 trahit3
627 626 695 697 boc
706 625 797 724 ipso,
808 626 903 723 quod
916 653 988 698 non
1001 625 1235 723 compositum

191 741 305 833 domi,
321 741 383 814 sed
398 741 446 812 ibi
461 763 564 840 atque
577 770 595 814 e
609 768 644 814 re
657 762 800 830 natum,
813 762 847 813 et
859 742 1169 820 facilitatefamam
1181 741 1237 811 in-

189 856 284 956 genii
293 876 412 956 auget,
426 877 459 929 et
470 857 557 929 facie
569 856 736 957 simplicis
748 857 948 955 sumptique
964 884 984 928 e
998 855 1155 956 proximo
1170 848 1244 926 serss

189 971 305 1042 monis
321 972 428 1043 lidem
442 999 582 1071 quoque
599 971 763 1071 acquirit3
780 971 866 1043 adeo
882 992 936 1061 ut,
955 970 1089 1042 etiamsi
1106 967 1239 1068 reliqua

189 1085 315 1184 scripta
326 1107 431 1184 atque
444 1086 617 1158 elaborata
629 1087 713 1176 sint,
729 1107 846 1159 tamen
862 1086 1070 1186 plerumque
1083 1083 1240 1156 videatur

189 1220 260 1272 tota
282 1201 522 1300 extemporalis
541 1203 667 1291 oratio,
686 1201 786 1303 cujus
805 1201 944 1272 initium
964 1200 1053 1271 nihil
1070 1224 1241 1298 praepara·

138 1334 172 1389 55
191 1336 267 1387 tum
297 1315 461 1388 habuisse
492 1317 717 1389 manifestum
752 1337 812 1388 est.
842 1314 1134 1415 Frequentissime
1159 1337 1240 1383 vero

190 1429 400 1528 prooemium
416 1430 551 1503 decebit
564 1453 598 1505 et
611 1430 878 1521 sententiarum,
892 1451 926 1503 et
941 1426 1242 1527 ²compositionis,

192 1565 226 1618 et
245 1544 353 1632 vocis,
376 1566 409 1616 et
426 1546 541 1617 vultus
561 1546 748 1635 modestia3
770 1544 857 1617 adeo
877 1544 967 1616 utin
984 1569 1110 1642 genere
1129 1565 1242 1611 causae

193 1659 297 1731 etiam
309 1658 548 1749 indubitabili,
562 1662 692 1733 fiducia
701 1687 736 1731 se
746 1661 819 1759 ipsa
831 1659 984 1731 nimium
997 1653 1155 1729 exerere³
1169 1681 1242 1726 non

194 1772 337 1864 debeat,
365 1775 437 1846 odit
462 1775 557 1846 enirn
579 1773 689 1874 judex
713 1776 784 1846 fere
810 1773 974 1873 litigantis
998 1770 1244 1858 securitatem,

143 1948 145 1954 .
164 1900 167 1907 ’
194 1915 378 1987 quumque
388 1889 445 1989 jus
458 1888 588 1960 suuml
601 1889 785 1987 intelligat,
799 1889 920 1960 tacitus
931 1886 1156 1987 reverentiam
1170 1911 1245 1982 pos·

143 2018 177 2086 56
194 2004 292 2075 155135.
308 2005 380 2074 Nec
396 2005 514 2074 minus
529 2004 723 2102 diligenter,
741 2031 785 2075 ne
800 2002 948 2101 suspecti
966 2002 1074 2072 simus
1093 1999 1152 2070 illa
1169 2026 1245 2096 par·

195 2116 265 2204 te⁵,
277 2117 477 2189 vitandum:
499 2141 638 2218 propter
658 2119 753 2215 quod
772 2115 943 2188 minime6
963 2114 1124 2187 ostentari
1142 2112 1246 2185 debet

195 2229 234 2302 in
247 2231 425 2331 principiis
437 2259 536 2322 cura,
550 2233 634 2334 quia
644 2232 779 2305 videtur
791 2259 844 2304 ars
857 2231 992 2304 omnis⁷
1008 2228 1151 2301 dicentis
1164 2255 1247 2299 con·

199 2446 226 2498 72
239 2445 286 2495 Π,
301 2429 382 2481 Cffl‘·
397 2429 480 2482 Andr·
496 2430 571 2498 Aldu
589 2431 616 2482 ln
636 2448 702 2502 qua·
746 2457 826 2509 praep.
838 2436 864 2487 in
876 2456 902 2486 u.
914 2455 941 2506 p.
954 2433 1034 2487 Goth.
1046 2435 1117 2484 Jens.
1130 2430 1247 2501 (tacente

199 2527 257 2580 que·
282 2510 428 2560 Avic·P1¹t·
448 2508 522 2559 P0ul·
541 2513 605 2577 Reg·
625 2510 655 2573 3,
672 2509 702 2574 5,
746 2514 839 2585 Gesn.)
849 2517 912 2565 Loc.
925 2517 1004 2564 Rusc.
1017 2511 1079 2563 Bad.
1094 2512 1169 2579 Regii
1181 2528 1248 2561 oon-

203 2604 250 2651 10,
270 2586 298 2636 155
310 2604 414 2657 quaque
429 2586 521 2637 mellus
532 2587 642 2637 ducitur·
656 2590 702 2638 Εῠ·
744 2598 876 2664 jecturam
887 2591 934 2643 illa
942 2609 1003 2643 curn
1007 2592 1194 2663 praepositione
1202 2588 1249 2639 dat

241 2690 263 2722 1.
276 2671 394 2722 Actione.
409 2671 512 2740 Agendi
525 2671 647 2722 formula.
658 2674 705 2723 Vi·
747 2678 848 2725 Veneta
859 2671 937 2742 (vide
943 2685 1035 2723 notam
1041 2670 1118 2735 adII,
1130 2685 1174 2733 35,
1187 2668 1250 2737 56),

202 2749 235 2800 de
247 2751 295 2814 Ill,
309 2749 340 2813 6,
355 2748 403 2816 69,
418 2749 508 2819 ibique
523 2762 628 2800 notam:
642 2751 704 2801 item
749 2753 805 2804 sine
818 2769 849 2802 ea
859 2753 932 2816 Bas,
944 2751 1105 2815 necessario,
1121 2746 1251 2818 quidquid

202 2828 255 2878 hoc
268 2845 326 2898 cap.
341 2826 362 2896 §.
378 2828 420 2878 32.
751 2828 905 2899 obloquitur
912 2827 1016 2879 Badius.
1027 2825 1121 2898 Uttap.
1130 2826 1251 2896 sphalma

239 2923 263 2957 2.
278 2905 482 2976 compositionis.
494 2906 600 2958 Scilicet
612 2925 706 2959 nume-
750 2910 806 2978 Bip.
821 2937 857 2946 -
871 2909 961 2959 Nostri
975 2925 1066 2957 omnes
1079 2904 1180 2957 habent
1193 2902 1252 2955 ulla

201 2984 368 3037 rorum.Vide
381 2997 436 3036 not.
450 2983 484 3035 ad
497 2986 668 3054 prooemium,
680 2987 704 3039 8.
748 2996 830 3059 parte.
848 2988 904 3038 Nec
924 2997 962 3037 est
981 3003 1028 3036 cur
1045 2983 1124 3035 lectio
1142 2982 1250 3035 Codice.

239 3067 264 3118 3.
273 3067 390 3116 Excrere.
398 3066 633 3130 Turic.,exereere,
644 3083 705 3117 cum
750 3064 877 3116 mutanda
893 3065 934 3116 sit.
954 3061 1035 3114 Andr.
1054 3075 1079 3113 et
1095 3063 1125 3112 R.
1143 3079 1191 3126 ιο,
1207 3080 1252 3112 su·

203 3146 268 3200 meis
281 3143 404 3213 aliisque,
414 3156 495 3213 puto,
507 3145 569 3194 item
582 3144 704 3196 omnibus
749 3161 807 3193 mus
821 3141 878 3192 ulla
890 3151 971 3210 porte.
987 3143 1032 3192 Eu.
1050 3168 1085 3178 -
1098 3137 1153 3189 Illa
1167 3149 1250 3210 parte.

195 3237 231 3278 ,et
245 3225 325 3276 Cano.
342 3236 367 3274 et
379 3235 441 3273 vett.
458 3234 518 3274 ante
530 3228 623 3275 Venet.
639 3225 705 3276 Cor·
749 3224 769 3273 l.
783 3241 806 3273 e.
819 3223 846 3272 in
858 3220 995 3291 prooemio.

139 3296 140 3300 ¹
204 3305 270 3354 rexit
278 3303 374 3370 Regius
385 3301 624 3370 frequentissimum
634 3322 706 3354 erro-
786 3301 811 3352 6.
827 3299 939 3350 Minime
953 3298 1073 3350 ostentari
1087 3295 1166 3347 debet.
1184 3298 1252 3348 «Est

204 3401 269 3439 rem.
286 3379 345 3431 Ald.
366 3391 392 3430 et
410 3381 468 3430 Bas.
486 3382 657 3432 retinuerunt.
672 3408 707 3421 -·
755 3381 877 3442 renim»,
890 3391 919 3428 ut
931 3379 1023 3429 Cicero
1036 3378 1072 3427 ait
1083 3375 1115 3424 dc
1129 3375 1201 3424 Orat.
1214 3376 1252 3438 Π,

204 3461 243 3520 Ex
255 3460 351 3518 nostris
364 3456 447 3509 codd.
461 3460 534 3510 Avic.
550 3459 623 3511 Poul.
636 3458 704 3513 Vall.
750 3460 778 3510 in
794 3457 940 3528 prooemiis,
961 3472 1083 3505 asumma
1101 3451 1253 3503 adhibenda

205 3537 252 3590 lib.
264 3539 336 3588 Jens.
349 3535 449 3588 habent
460 3556 566 3589 exerere.
579 3541 625 3590 En.
755 3553 854 3600 «cura,
871 3548 901 3584 ut
911 3533 1200 3604 exspectationieorum
1208 3531 1255 3599 qui

243 3617 267 3682 4.
285 3616 333 3666 Jus
350 3633 434 3667 suum.
455 3617 555 3666 Locum
574 3616 707 3667 Ciceronis
756 3612 887 3664 caudium
902 3631 980 3682 quam
995 3611 1128 3663 celerrime
1143 3626 1253 3661 succur-

207 3708 268 3767 apte
277 3707 412 3765 comparat
419 3695 544 3747 Pithoeus.
552 3698 602 3746 Pro
611 3696 708 3761 Quinc·
756 3715 766 3739 a
777 3704 860 3755 ratur;
871 3694 914 3743 cui
924 3694 946 3743 si
957 3691 990 3742 ab
1002 3693 1076 3742 initio
1089 3689 1254 3741 satislactum

208 3777 260 3839 tio,
277 3793 300 3824 c.
319 3792 350 3841 9:
367 3776 438 3824 anisi
454 3788 483 3826 tu
498 3771 623 3845 (aquilii)
636 3771 708 3843 quod
756 3790 831 3822 anon
851 3772 899 3835 sit,
920 3769 1003 3820 multo
1022 3768 1082 3839 plus
1101 3768 1134 3817 sit
1152 3765 1255 3834 reliqua

161 3889 164 3905 .
210 3866 302 3905 «esset
314 3862 388 3904 tuum
393 3855 467 3924 jus...
481 3852 625 3903 docuisses.
637 3873 648 3897 a
756 3872 767 3896 a
778 3869 857 3902 causa
864 3848 1047 3912 laborandum.
1059 3845 1110 3898 Sed
1116 3848 1144 3896 in
1151 3843 1193 3896 his
1201 3843 1255 3894 cal-

243 3931 267 3985 5.
281 3931 334 3983 Illa
344 3929 582 4003 parte.'l'ur.,ulla
591 3948 635 4000 p.,
648 3948 709 3980 cum
756 3929 864 3983 «liditas
884 3942 910 3980 et
926 3947 993 3978 curae
1013 3927 1155 3976 ostentatio
1174 3924 1255 3974 nimia

206 4009 275 4063 Alm.
292 4009 379 4061 Guelf.
396 4012 477 4062 Coun.
490 4011 566 4060 Tarv.
580 4020 606 4058 et
618 4026 709 4058 recen·
755 4011 880 4080 «penitus
894 4007 986 4059 abesse
998 4005 1108 4058 debet.»
1124 4007 1206 4056 Tnnu.

207 4081 317 4141 tiorilius
334 4091 389 4153 fere
407 4102 468 4140 ante
483 4090 570 4139 Burm.
587 4090 709 4140 luserunt
790 4105 813 4157 7,
828 4085 877 4138 Ars
892 4087 985 4138 omnis.
1000 4084 1084 4137 Goth.
1098 4085 1168 4136 Jens.
1189 4081 1257 4151 (tac.
