2634 4822
231 403 269 470 ιε
508 399 556 464 u.
576 397 984 483 austremonium

228 545 295 613 tur,
308 548 381 594 non
395 521 500 594 modo
513 521 645 622 palam,
659 521 719 593 sed
729 522 824 621 quod
836 523 982 614 omnino
995 523 1138 624 intelligi
1149 524 1271 626 possit,

225 637 372 711 stultum
384 656 456 708 erat
471 663 632 725 mouere,
650 635 715 708 uisi
732 637 846 709 lieret:
864 637 968 710 otiam
983 640 1108 738 partis¹
1123 641 1272 714 adversae

113 785 125 809 ·
225 773 393 850 patronus
405 751 501 824 dabit
514 751 651 823 exordio
664 751 862 841 materiam3
874 751 1014 826 interim
1027 781 1109 826 cum
1121 754 1273 848 honore,

226 866 254 938 si
264 860 500 966 eloquentiam
513 865 588 967 ejus
600 893 639 938 ac
651 866 819 964 gratiam²
833 893 896 939 uos
905 867 1027 940 timere
1037 868 1221 968 fingendo,
1233 890 1275 944 ut

225 1009 266 1054 ea
282 1004 442 1082 suspecta
453 981 543 1055 sint³
552 981 680 1084 judici,
694 983 901 1074 fecerimus3
917 983 1057 1056 interim
1072 1011 1134 1084 per
1150 1006 1274 1059 contu-

225 1097 387 1187 meliam;
407 1098 468 1169 sed
486 1097 553 1171 hoc
572 1124 744 1198 perquam
764 1124 858 1189 raro,
878 1119 917 1169 ut
936 1098 1076 1171 Asinius
1092 1099 1273 1199 proUrbi·

223 1211 290 1284 niae
313 1210 524 1285 heredibusl
546 1213 745 1285 Labienum
770 1212 952 1284 aduersarii
973 1234 1160 1312 patronum
1184 1215 1274 1286 inter

173 1359 203 1397 n
224 1347 430 1424 argumenta
441 1326 542 1398 malae
553 1354 663 1400 causae
674 1327 800 1426 posuit.
813 1328 925 1426 Negat
935 1327 1009 1401 haec
1023 1354 1095 1401 esse
1107 1327 1274 1428 prooemia
1292 1382 1295 1387 -

223 1440 407 1514 Cornelius
424 1442 565 1533 Celsus,
583 1442 666 1541 quia
680 1439 770 1513 sint⁵
788 1463 880 1514 extra
896 1441 1011 1534 litem;
1030 1443 1090 1514 sed
1106 1470 1271 1543 egocum

223 1555 424 1635 auctoritate¹
445 1583 670 1628 summorum
694 1553 897 1628 oratorum⁶
917 1555 1028 1655 magis
1050 1557 1170 1648 ducor,
1194 1577 1271 1630 tum

222 1671 393 1772 pertinere
408 1672 453 1743 ad
467 1699 609 1744 causam
624 1692 725 1770 puto,
740 1671 914 1771 quidquid
925 1672 970 1742 ad
983 1672 1157 1744 dicentem
1172 1672 1273 1777 perti·

261 1832 283 1868 1.
295 1815 385 1866 Etiam
395 1814 477 1885 partis
488 1813 607 1866 advena
621 1813 725 1881 Guelf.,
771 1827 811 1865 set
821 1814 967 1879 Labienus,
978 1812 1199 1866 consuetudinem
1210 1831 1272 1864 con·

195 1889 198 1892 .
221 1893 258 1945 Et
264 1894 334 1944 enim
339 1912 367 1963 p.
376 1913 415 1956 a.‚
425 1911 486 1943 cum
492 1896 570 1944 Voss.
583 1909 605 1958 t,
614 1893 639 1958 3,
647 1895 724 1944 Bern.
770 1895 883 1944 traxerit.
894 1893 961 1946 Vide
973 1892 1006 1946 de
1019 1896 1115 1965 reipsa
1127 1895 1154 1944 in
1166 1893 1271 1944 univer·

220 1970 429 2023 Joann.Vall.'et
439 1970 498 2023 edd.
512 1974 576 2023 meis
590 1984 650 2023 ante
660 1971 723 2023 Bad.
770 1990 829 2024 sum
840 1973 901 2038 XII,
918 1989 939 2038 r,
955 1973 994 2025 13.
1008 1973 1034 2026 si
1048 1975 1139 2025 tertius
1152 1971 1271 2044 ejusdem

222 2067 275 2101 sec.
286 2049 409 2100 omnibus
422 2068 477 2100 erc.
491 2050 570 2101 Caua.
585 2061 610 2100 et
621 2048 726 2100 Ala-
769 2052 882 2102 nominis
896 2050 1028 2104 Labienus
1044 2051 1154 2120 intelligi
1169 2052 1271 2121 possit,

221 2130 295 2181 Avic.
311 2132 368 2179 Put.
379 2128 446 2180 Vall.
461 2128 507 2180 lib.
525 2131 638 2199 aprima
651 2147 722 2180 man.

220 2209 263 2259 Jo.
276 2210 303 2259 P.
317 2209 369 2259 RB.
386 2208 416 2274 3,
432 2207 462 2274 5,
478 2227 503 2279 7,
520 2208 596 2276 8—11,
613 2219 639 2259 et
654 2211 722 2260 Prat.

220 2285 320 2339 habent
332 2289 434 2338 etenim.
448 2290 493 2339 En.

257 2383 282 2417 2.
301 2364 340 2416 Ac
355 2366 476 2437 qratiam.
494 2366 567 2418 Avia.
579 2365 663 2419 Vallae
676 2365 722 2416 lib.

219 2441 272 2496 BR.
287 2443 316 2508 3,
333 2441 363 2506 5,
379 2448 540 2514 7-1r,Voss.
558 2459 580 2510 1,
596 2444 626 2510 3,
641 2446 720 2496 Cane.

218 2521 301 2576 Andr.
315 2536 341 2574 et
352 2523 443 2588 Berm,
455 2523 490 2573 ad
499 2525 620 2595 qratiam.
634 2524 681 2574 Eu.

768 2128 909 2180 historicus
925 2127 1010 2199 (quod
1027 2130 1062 2181 ob
1077 2131 1199 2199 longam,
1214 2147 1271 2199 qua

768 2207 882 2259 Pollioni
894 2211 1018 2278 contigit,
1030 2221 1132 2260 aetatem
1144 2226 1160 2259 a
1170 2210 1226 2260 veri
1237 2209 1272 2260 si·

768 2285 916 2338 militudine
933 2306 988 2338 non
1007 2287 1147 2352 abhorret,
1166 2299 1193 2338 et
1214 2283 1270 2336 haee

768 2366 835 2415 ratio
849 2363 978 2436 probatur
990 2385 1005 2416 a
1017 2366 1153 2417 Bondarno
1164 2365 1230 2416 tcto
1242 2366 1270 2415 iu

767 2445 841 2495 Varr.
859 2446 941 2496 Leett.
958 2442 1070 2515 (Zutpb.
1087 2441 1167 2514 1759,
1184 2441 1222 2514 8.)
1240 2462 1268 2514 p.

767 2521 840 2590 373),
848 2520 1205 2574 habebimushominemhac
1213 2519 1270 2571 Pol·

256 2600 280 2651 3.
291 2601 412 2670 Suspecta
421 2601 480 2651 sint.
493 2604 547 2652 RR.
560 2600 585 2665 5,
597 2603 721 2666 11,Voss.
765 2598 845 2656 lionis
858 2601 998 2670 asperitate
1009 2601 1132 2672 dignum,
1143 2602 1270 2671 quoniam

223 2694 245 2742 r,
259 2678 289 2740 3,
302 2689 416 2746 suspecta
427 2679 468 2730 sit.
483 2679 543 2732 Scil.
557 2678 720 2751 eloquentia,
767 2680 834 2747 ejus,
843 2691 872 2728 ut
879 2678 977 2730 Seneca
984 2693 1059 2750 pater
1066 2692 1154 2732 narrat
1163 2679 1201 2750 (p
1210 2680 1267 2750 Bip.

218 2755 424 2828 velqratiaAEo.
453 2813 457 2818 ,
767 2755 845 2827 360):
860 2770 937 2808 uerat
949 2776 1051 2809 summa
1061 2757 1269 2829 infamia‚sum·

254 2833 395 2901 4.Asinius
402 2852 450 2905 pro
462 2833 573 2887 Urbiniae
581 2833 720 2887 heredibus.
769 2852 863 2887 omum
887 2834 1008 2888 odium.»
1031 2838 1164 2890 Orationis
1186 2836 1267 2908 hujus

119 2919 121 2923 ’
217 2913 257 2965 De
272 2914 355 2964 Asinii
368 2912 493 2965 Pollionis
508 2926 534 2964 et
548 2912 657 2965 Labieni
669 2916 721 2965 ini·
764 2915 883 2965 meminit
897 2913 1001 2984 Dialog.
1014 2913 1047 2966 de
1059 2917 1162 2981 Oran,
1176 2932 1199 2966 e.
1215 2915 1266 2980 38,

145 3007 148 3010 ⁴
182 2995 187 3013 ¹
218 2993 331 3043 micitiis.
341 2991 408 3043 Vide
427 2994 451 3056 Ι,
470 2991 500 3057 5,
519 2993 543 3044 8.
563 2993 648 3044 Causa
664 2992 720 3044 haec
764 2991 920 3043 ubinomeu
936 2992 1048 3045 Urbiniae
1058 2992 1136 3045 docte
1148 2995 1269 3064 reposuit

217 3071 375 3133 Urbiniana,
389 3083 517 3140 quantum
528 3073 655 3140 cognosci
668 3089 720 3142 po·
763 3071 876 3142 Lipsius.
889 3074 919 3122 lt.
930 3071 1063 3124 Charisius
1076 3072 1146 3143 apud
1158 3072 1264 3123 Putsch.

214 3142 269 3201 ¹test
292 3167 306 3200 e
330 3147 454 3211 duobus,
476 3147 572 3218 quibus
595 3162 721 3219 praeterea
764 3168 792 3221 p.
804 3148 852 3220 59,
862 3149 909 3201 ubi
918 3150 1068 3202 Bondamus
1078 3151 1109 3221 (l.
1121 3152 1165 3203 cit.
1176 3171 1204 3222 p.
1217 3149 1267 3220 αα)

217 3229 341 3296 tangitur,
356 3224 508 3296 locis(VlI,
522 3226 590 3294 2‚5,
605 3227 653 3297 26)
667 3227 719 3279 hu·
763 3246 813 3299 pro
840 3228 980 3298 provinciae
1007 3229 1138 3282 heredibus
1161 3231 1265 3300 egregie

213 3306 331 3378 jusmodi
350 3307 404 3358 fere
424 3306 482 3356 fuit.
502 3307 550 3371 lis,
568 3308 613 3376 qui
630 3306 672 3358 vel
687 3324 720 3358 ex
764 3306 887 3368 emendat
903 3307 1015 3359 Urbiniae
1027 3308 1166 3361 heredibus.

216 3397 389 3448 testamento,
402 3383 444 3434 vel
463 3386 628 3454 cognationis
642 3389 718 3455 jure,
799 3384 824 3437 5.
840 3386 907 3453 Quia
919 3387 977 3437 sint.
990 3388 1031 3439 Sic
1043 3389 1115 3438 Avic.
1128 3391 1186 3440 Put.
1196 3385 1264 3439 Vall.

125 3504 128 3509 ,
216 3480 323 3514 cernere
339 3461 436 3513 vellent
451 3461 624 3514 hereditatem
640 3462 720 3514 Urbi·
763 3461 809 3514 lib.
832 3465 884 3515 Ru.
908 3464 937 3528 3,
958 3462 988 3529 5,
1007 3484 1032 3534 7,
1055 3465 1086 3530 8,
1105 3482 1135 3534 9,
1156 3482 1196 3530 11,
1217 3482 1264 3531 12,

216 3542 265 3592 niae
280 3540 433 3611 cujusdam,
451 3543 576 3611 opposuit
590 3559 618 3592 se
633 3539 719 3592 Clusi·
764 3545 831 3593 Prat.
842 3543 914 3593 Jens.
925 3539 985 3595 Ald.
996 3544 1060 3595 Ata
1084 3560 1128 3609 ro,
1138 3544 1264 3616 quoesint.

216 3621 276 3671 nius
288 3618 408 3688 Figulus,
419 3620 464 3688 qui
476 3637 504 3669 se
516 3632 624 3670 mortuae
636 3619 720 3671 filium
763 3621 843 3672 Cane.
858 3633 883 3671 et
895 3621 992 3687 Anda,
1004 3639 1062 3695 quae
1073 3633 1141 3674 sunt.
1149 3625 1227 3674 Voss.
1241 3637 1264 3687 1,

216 3694 336 3762 dicebat,
358 3715 440 3766 quum
457 3696 568 3750 heredes
585 3715 646 3749 eum
663 3715 719 3748 ser·
764 3699 826 3771 quia
835 3710 903 3750 sunt.
915 3701 1072 3752 Praetulerim
1082 3717 1139 3772 quoe
1147 3701 1206 3751 sint.
1216 3702 1262 3752 Eu.
1276 3752 1279 3757 ,

215 3793 343 3827 vumesse
351 3771 550 3840 contenderent,
561 3776 719 3828 nomineSo·
763 3782 764 3785 ’
799 3776 824 3828 6.
837 3777 983 3831 Oratomm.
996 3782 1045 3831 Pro
1057 3798 1110 3850 quo
1120 3780 1191 3830 Jens.
1203 3777 1263 3830 Ald.

217 3853 718 3924 sipatrum.HuncigitursiveFigulum,
761 3856 1265 3922 Locat.,auctorum.Minusbene.Nam

215 3935 269 3985 sive
281 3934 444 4005 sosipatrum
454 3950 486 3983 eo
494 3934 553 4002 ipso
561 3935 588 3983 in
595 3932 719 3983 invidiam
762 3953 817 3985 non
832 3950 954 3988 auctores
967 3937 1029 4003 soli,
1044 3935 1091 3988 sed
1105 3949 1131 3987 et
1145 3947 1262 3986 oratores

214 4029 310 4062 vocare
334 4010 422 4062 studet
444 4010 542 4077 Pollio,
565 4011 637 4081 quod
657 4029 718 4063 cum
761 4017 905 4083 praesertim
913 4013 1205 4088 eloquentiaepraecepta
1213 4026 1264 4067 tra·

214 4103 291 4144 tantae
303 4092 427 4162 nequitiae
441 4089 562 4156 homine,
576 4089 659 4160 qualis
674 4107 717 4142 et·
761 4088 836 4144 dunt.
850 4094 895 4144 Eu.
