2634 4822
235 413 559 488 INSTITUTIONIS
578 412 705 480 ORAT.
725 414 805 479 LIB.
826 415 882 496 IV,
907 439 934 481 r.
1066 419 1107 501 45

70 543 202 644 aliquis,
220 544 296 617 etis
313 541 422 614 aerior
438 538 477 611 fit
491 559 594 636 atque
610 537 851 610 vehementior
863 537 908 610 ad
922 564 1107 637 personam

67 661 209 733 directus
234 657 394 745 alterius3
414 653 510 753 quod
531 653 559 725 si
584 653 732 740 accidat,
750 680 820 752 quo
834 652 933 754 jure,
954 674 1014 726 aut
1037 681 1108 752 qua

65 763 154 846 tanta
164 772 423 871 superstitione¹
443 767 672 867 prohibemur
686 767 766 838 dare
780 768 943 865 perhanc
956 770 1107 867 figuram

64 886 237 960 sententiae
252 885 358 957 vires?
374 887 496 982 Neque
514 882 632 953 enim²
650 882 740 953 istud
757 883 935 980 scriptores
949 883 1106 972 Artium,
1125 906 1160 961 65

64 1002 143 1100 quia
156 1028 230 1072 non
243 1000 359 1087 liceat,
373 998 433 1070 sed
446 997 528 1095 quia
540 1022 612 1067 non
625 994 769 1093 putant³
784 995 886 1084 utile,
901 1017 1026 1068 vetant.
1040 999 1107 1086 lta,

63 1116 89 1186 si
102 1116 219 1188 vincet
230 1111 379 1187 utilitas4
391 1131 531 1210 propter
542 1108 704 1182 eamdem
719 1136 860 1181 causam
875 1112 987 1182 facere
999 1110 1109 1183 debe-

64 1229 197 1317 bimus,
208 1249 464 1327 propterquam
474 1244 642 1296 vetamur.
652 1222 978 1295 EtDemosthenes⁵
989 1245 1107 1296 autem
1126 1240 1161 1295 66

63 1345 105 1416 ad
119 1346 325 1424 AEschinem
335 1342 528 1415 orationem
543 1339 580 1410 in
596 1338 762 1437 prooemio
775 1340 956 1429 convertit,
971 1360 1004 1410 et
1015 1343 1110 1411 Mar-

64 1486 122 1530 cus
138 1458 295 1547 Tullius,
312 1482 473 1554 cumpro
491 1451 586 1525 aliis⁶
600 1452 830 1551 quibusdam,
848 1452 891 1524 ad
908 1480 995 1553 quos
1013 1455 1044 1527 ei
1061 1456 1111 1526 vi-

62 1674 130 1724 catio
144 1669 187 1723 mi
201 1671 243 1722 irie
256 1686 313 1741 quae
327 1674 355 1723 in
367 1681 467 1722 textum
479 1670 564 1739 irrep·
608 1681 634 1719 et
645 1681 770 1733 recentt.,
782 1669 833 1719 nisi
845 1666 917 1737 quod
929 1667 1038 1718 assumit
1052 1687 1110 1719 rur-

61 1755 102 1804 sit.
113 1754 240 1803 Praeterea
248 1747 277 1801 oi
283 1759 309 1801 et
318 1769 372 1800 non
383 1748 497 1798 otiosum
508 1760 561 1798 est:
608 1767 652 1799 sus
664 1746 736 1799 Leid.
750 1760 776 1798 et
787 1747 860 1799 Gibs.
874 1748 936 1817 qui,
948 1745 1012 1797 dum
1024 1759 1111 1813 tacet,

60 1849 123 1882 nam
136 1827 280 1900 respondet
293 1827 378 1879 eidem
394 1837 420 1877 et
435 1829 564 1897 conjunc·
608 1825 691 1877 Codd.
709 1844 771 1878 suos
785 1843 876 1877 secum
890 1824 971 1875 ducit.
985 1826 1111 1877 Rectissi-

61 1910 128 1960 tioni
136 1927 193 1978 quse
200 1909 229 1958 in
238 1905 379 1978 posteriori
388 1903 507 1955 membro
517 1922 564 1974 po·
607 1924 650 1955 me
662 1905 758 1956 Badius
770 1918 862 1956 monet
873 1923 927 1954 non
940 1923 997 1956 esse
1008 1918 1112 1956 mutan·

60 1988 109 2038 sita
119 1999 168 2039 est.
180 1983 269 2038 Scribe
280 1985 359 2053 igitur
365 1983 468 2033 interim
476 1993 563 2032 tamen
607 1983 684 2048 dum,
696 1983 823 2054 quidquid
833 2003 888 2035 non
900 1985 933 2034 sit
946 1982 979 2034 ad
990 1996 1111 2034 nostrum

61 2076 86 2115 et
96 2075 134 2117 est
145 2062 188 2114 itio
199 2063 349 2114 necessarius
360 2079 445 2114 sensus
458 2060 562 2132 aliquis.
608 2075 729 2133 captum,
740 2076 768 2113 ut
779 2061 807 2112 h.
820 2062 838 2113 l.
851 2073 947 2113 etcum
960 2072 1056 2114 autem.
1067 2065 1112 2115 Es·

60 2146 106 2196 Eu.
120 2171 157 2182 -·
166 2143 259 2194 Sensus
272 2140 373 2212 aliquis.
387 2138 469 2208 Quod
482 2138 562 2190 modo
608 2159 636 2192 se
653 2154 740 2192 tamen
757 2152 783 2192 et
798 2140 897 2192 dictum
913 2159 973 2192 cum
988 2154 1111 2212 respectu

62 2233 117 2273 erat
127 2219 365 2292 aiiquasententiu‚
374 2221 398 2286 S.
407 2218 455 2284 52,
467 2231 493 2270 et
502 2236 564 2269 mox
608 2219 643 2271 ad
660 2220 770 2271 alterum
786 2231 812 2270 et
826 2233 888 2271 ante
904 2223 940 2272 M.
957 2220 1026 2271 Tuli.
1045 2223 1111 2272 Bur-

58 2300 84 2371 §.
101 2317 145 2371 77.
160 2302 199 2350 ita
214 2312 240 2351 et
253 2299 305 2364 IX,
317 2298 348 2363 3,
362 2298 411 2367 74,
425 2313 494 2348 acres
506 2315 565 2348 sen-
608 2317 721 2350 mannus
734 2301 820 2350 minus
832 2313 909 2351 caute
918 2313 1041 2368 gravatur
1050 2319 1113 2352 con·

61 2398 111 2431 sus.
126 2380 167 2430 De
182 2379 317 2430 sententiis
333 2376 406 2428 hisce
421 2375 464 2429 vel
480 2377 565 2428 sensi·
606 2379 791 2449 junctionem,
812 2380 855 2428 cui
877 2377 1018 2428 succedere
1038 2379 1113 2430 malit

62 2457 112 2508 bus
125 2457 159 2509 de
171 2455 300 2508 industria
310 2456 378 2525 agit,
389 2454 406 2505 l.
417 2456 489 2519 vm,
501 2471 524 2504 c.
539 2451 563 2504 5.
609 2455 723 2528 quidem.
745 2457 803 2506 Hoc
826 2454 922 2506 Badius
945 2454 1036 2506 itidem
1056 2461 1112 2529 jam

62 2565 98 2576 -
111 2536 171 2587 Hoc
182 2534 315 2606 prooemio.
331 2535 360 2584 ln
374 2531 426 2584 hoc
440 2535 516 2604 ipso,
530 2531 565 2582 de
609 2547 799 2606 proposuerat,
815 2555 830 2586 e
843 2548 934 2587 nostra
948 2548 1036 2586 mente
1049 2538 1113 2587 seri-

64 2633 117 2685 quo
133 2617 191 2686 jam
208 2615 327 2683 agimus,
344 2613 482 2683 prooemio.
497 2609 564 2662 Vide
609 2614 734 2666 bendum.
749 2615 800 2667 Sed
812 2617 901 2666 omnia
913 2633 990 2681 sana,
1002 2634 1051 2666 nec
1063 2618 1113 2668 nisi

62 2695 168 2746 initium
179 2704 257 2744 notae.
607 2714 657 2767 per
671 2690 792 2748 siriniensi
806 2706 894 2746 autem
909 2697 994 2746 omitti
1007 2708 1112 2766 potest,

97 2784 124 2823 ἰ.
140 2773 199 2842 Quo
211 2781 284 2822 tanta
295 2769 479 2840 superstitione.
493 2769 566 2820 Simi-
611 2792 664 2843 quo
672 2775 791 2845 ipsojam
801 2793 816 2824 a
824 2773 914 2843 regula
921 2772 955 2824 ad
964 2776 1113 2846 exemplum

61 2851 94 2904 lis
106 2851 224 2917 locutio,
234 2849 280 2901 lib.
293 2851 338 2914 Ν,
350 2865 409 2918 cap.
424 2865 454 2912 a,
467 2845 491 2917 §.
505 2845 549 2898 85·
608 2852 639 2903 'fit
660 2853 794 2903 transitus.
813 2851 881 2902 Vide
899 2853 950 2916 VI,
969 2852 1002 2917 3,
1022 2854 1064 2904 31.
1077 2883 1113 2894 —

99 2948 125 2982 2.
138 2932 231 3001 Neque
239 2929 318 2980 enim.
329 2929 370 2980 Sic
379 2927 467 2978 Turio.
479 2926 565 2978 Guelf.
610 2929 820 2981 Demosthenes...
832 2929 964 2980 convertit.
977 2932 1027 2980 Pro
1037 2931 1113 2996 Con,

63 3011 144 3061 ciui.
157 3010 233 3060 Tarv.
248 3007 366 3076 Reliqui,
377 3007 433 3057 Nee
446 3023 486 3055 en.
500 3003 567 3055 Vide
610 3027 638 3079 p.
658 3009 707 3059 228
724 3007 777 3078 (ed.
792 3006 891 3078 ueisk.)
905 3019 984 3058 enen:
1003 3004 1113 3064 susidis

62 3089 108 3153 iV,
123 3104 148 3153 s,
161 3087 313 3139 aii—Nec
324 3084 394 3134 enim
406 3081 457 3134 soli
468 3081 568 3134 habent
611 3081 680 3145 d'ais,
695 3083 805 3151 Αἰσχίνη,
819 3085 888 3136 τοῦτο
904 3086 1028 3142 ostende
1040 3088 1114 3141 eduis:

63 3167 132 3219 vall.
144 3166 192 3218 lib.
204 3167 258 3217 RR.
273 3183 299 3236 7,
310 3164 342 3228 8,
353 3181 385 3232 9,
396 3163 468 3213 Jens.
481 3155 527 3214 En]
613 3161 695 3232 stunc,
704 3184 726 3214 κ.
737 3185 760 3215 c.
771 3178 794 3213 λ.

100 3247 126 3298 3.
137 3247 201 3298 Non
211 3252 316 3316 putent.
329 3243 457 3294 ltaCsur.
470 3255 496 3292 et
506 3239 566 3292 edd.
647 3243 673 3294 6.
689 3245 753 3295 Cum
766 3259 814 3312 pro
828 3240 894 3292 aliis.
911 3241 952 3293 Sic
963 3241 1048 3293 Codd.
1062 3246 1115 3296 mei

64 3343 128 3376 mese
140 3335 202 3375 ante
214 3321 290 3373 Basil.
304 3339 409 3385 omnes,
421 3319 528 3391 reliquae
540 3339 567 3371 η.
613 3334 640 3374 et
653 3323 733 3374 Curti.
749 3320 800 3373 Sed
813 3322 885 3372 Jens.
903 3319 965 3390 (tac.
980 3322 1073 3394 Gesn.)
1089 3336 1116 3375 et

64 3413 172 3474 putent,
184 3400 257 3472 quod
266 3399 350 3452 Codd.
358 3399 480 3475 sidentur
491 3401 567 3450 tueri.
614 3399 673 3452 edd.
688 3413 748 3451 ante
760 3399 852 3463 nasis,
865 3409 920 3448 tum
931 3417 959 3469 p.
972 3419 1011 3465 a.‚
1024 3419 1116 3473 excep·

61 3482 258 3554 conjunctivus
270 3479 379 3530 alienus.
387 3476 454 3529 Vide
465 3478 477 3526 1
482 3513 490 3542 ,
504 3495 533 3542 2,
544 3493 567 3528 a.
613 3491 641 3531 to
656 3479 753 3544 Badio,
769 3479 813 3546 qui
827 3477 923 3529 diserte
937 3491 1041 3546 narrat,
1055 3499 1115 3531 cum

101 3560 127 3626 4.
138 3561 196 3623 Ita,
207 3559 228 3610 si
238 3558 322 3609 vincet
328 3552 437 3608 utilitas.
447 3557 509 3608 Haec
515 3574 571 3608 ver-
615 3560 709 3611 esseio
717 3556 786 3608 vall.
795 3586 832 3595 —
843 3558 935 3608 Cum...
947 3567 1013 3610 tum.
1024 3559 1122 3611 Atten-.

63 3637 102 3689 iia
113 3639 273 3688 omittuntur
284 3655 299 3687 a
310 3637 398 3686 Turic.
409 3634 477 3684 Alm.
488 3636 568 3686 Cius.
614 3637 648 3689 de
662 3655 722 3688 cum
737 3649 762 3688 et
775 3647 844 3700 tum,
859 3654 972 3707 quorum
983 3641 1115 3708 posterius

64 3709 191 3768 Pessime.
204 3745 241 3754 -
251 3718 317 3766 Item
329 3713 363 3765 ab
374 3711 456 3764 Andr·
466 3712 508 3764 ed·
520 3712 571 3763 Alii
615 3716 649 3768 ad
655 3718 750 3788 prioris
757 3715 877 3766 latiorem
884 3714 1047 3766 intellectum
1054 3735 1116 3787 pro·

64 3794 177 3846 habent.
187 3795 233 3845 En.
243 3823 280 3832 -
288 3792 381 3848 Vincet
389 3790 496 3844 utilitas.
504 3792 571 3842 Vide
614 3797 702 3866 prium
714 3794 777 3866 quid
790 3807 816 3846 ct
827 3793 971 3845 mirabilius
984 3793 1065 3846 addit.
1074 3799 1116 3847 Vi·

65 3869 228 3944 mox·§.⁷7o;
241 3875 304 3924 item
315 3875 359 3938 IV,
372 3869 402 3937 5,
415 3889 439 3941 7.
615 3874 648 3926 de
661 3877 706 3941 IV,
721 3893 744 3940 r,
760 3892 805 3937 1²3
820 3876 858 3940 11,
874 3874 938 3940 ¹¹43
950 3877 983 3939 V,
1000 3890 1048 3940 ro,
1064 3891 1115 3944 72,

104 3949 129 4004 5.
155 3951 338 4004 Demosthenes
358 3960 445 4001 autem
466 3949 508 4000 ad.
530 3949 571 4002 Sic
619 3955 737 4020 1063VI,
752 3965 868 4022 r,29,et
878 3952 940 4003 alibi
949 3954 1054 4022 passim.
1067 3954 1116 4003 Ac·
1173 3954 1177 3958 ’

70 4027 157 4080 Turio.
173 4029 261 4081 Guelf.
276 4028 356 4081 Goth.
370 4029 442 4080 Jens.
456 4026 571 4099 (tacente
616 4031 709 4084 cedere
720 4031 834 4101 aliquem
841 4030 976 4082 cumulum
986 4032 1012 4080 in
1021 4048 1050 4081 ea
1058 4049 1115 4101 par-

67 4106 162 4183 Gein.)
173 4113 308 4166 Omittunt
317 4121 370 4163 out.
381 4112 461 4165 Geni.
468 4110 571 4183 Gryph.
616 4123 642 4163 te
652 4112 695 4162 oui
704 4119 760 4161 tum
767 4110 941 4180 premittitur,
949 4121 1057 4180 apparet
1066 4108 1116 4160 aiis
1145 4171 1148 4175 ἢ
