2634 4822
216 399 256 466 31
498 396 544 460 M.
564 394 678 460 FABII
697 392 977 478 QUINTILIANI

215 542 247 595 te
259 518 416 592 videatur
426 517 531 619 adjici
547 518 769 618 turpalquod
782 518 840 588 alii
851 516 987 607 bamili,
1001 518 1060 591 alii
1069 518 1268 615 admirabili

162 656 193 723 11
214 634 415 735 subjiciunt.
435 631 650 704 Admirabile
668 653 786 704 autem
803 655 945 723 vocant,
964 633 1060 733 quod
1077 656 1127 707 est
1147 657 1270 733 prater

215 751 419 851 opinionem
429 749 619 820 hominum
632 750 858 821 constitutum
871 764 895 822 ¹.
909 754 949 821 In
960 756 1104 851 ancipiti
1115 752 1269 823 maxime

66 900 67 903 ¹
132 901 152 967 s
215 864 427 938 benevolum
435 863 614 963 judicem,
630 863 667 935 in
684 864 826 975 obscuro
844 864 1012 954 docilem,
1029 865 1065 937 in
1083 864 1207 941 humili
1221 888 1272 939 at·

215 1005 352 1055 tentum
365 1008 484 1080 parare
496 981 681 1072 debemus;
693 978 781 1053 namx
789 980 964 1054 honestum
977 983 1122 1082 quidem
1133 984 1178 1056 ad
1189 1011 1279 1056 con-.

217 1097 428 1169 ciliationem
447 1096 526 1167 satis
543 1124 606 1195 per
624 1123 659 1168 se
680 1095 787 1186 valet3
810 1096 847 1167 in
867 1098 1085 1171 admirabili²
1106 1088 1140 1171 et
1161 1106 1269 1198 turpi,

161 1231 196 1296 41
217 1212 378 1285 remediis
393 1239 482 1310 opus
497 1232 556 1283 est.
570 1215 614 1283 Et
627 1240 668 1285 eo
683 1211 830 1311 quidam
844 1211 1049 1284 11101111111113
1062 1213 1098 1285 in
1115 1212 1200 1286 duas
1214 1213 1270 1285 di-

216 1327 339 1398 vidunt
355 1322 501 1425 partesl,
514 1331 742 1426 principium,
759 1347 793 1397 et
810 1332 1072 1406 insinuationem
1082 1325 1107 1414 ⁵,
1123 1348 1164 1399 ut
1176 1328 1220 1399 sit
1233 1329 1271 1400 in

216 1438 418 1540 principiis6
434 1461 525 1513 recta
538 1440 787 1513 benevolentiae
803 1461 837 1512 et
850 1442 1046 1514 attentionis
1065 1441 1269 1541 postulatio;

217 1583 294 1656 quae
312 1555 395 1654 quia
411 1568 504 1626 esset
524 1554 561 1624 in
576 1553 669 1652 turpi
684 1580 794 1626 causae
808 1581 933 1653 genere
954 1583 1026 1628 non
1042 1556 1164 1654 possit,
1184 1556 1270 1628 insi-

217 1735 297 1788 Goth.
322 1753 378 1786 non
399 1733 473 1799 iidie.
499 1734 596 1783 omittit
618 1732 665 1802 (ut
686 1735 722 1784 ait
765 1733 913 1804 lagenama
924 1748 951 1787 et
960 1735 1095 1788 intellectu
1105 1715 1190 1786 fdcilis
1203 1733 1272 1786 vide·

217 1812 310 1885 Gesn.)
326 1812 374 1864 sed
390 1809 458 1877 eilaf.
475 1815 552 1881 cujus
568 1810 632 1861 loco·
645 1812 722 1881 ponit
765 1825 817 1863 tur.
826 1812 886 1865 Scil.
896 1812 959 1865 dicit
968 1815 995 1864 in
1005 1812 1154 1865 admirabili
1164 1826 1190 1864 et
1201 1814 1272 1885 turpi

219 1894 314 1962 aufal.
329 1889 402 1961 quod
413 1908 475 1941 mox
486 1891 591 1940 omittit.
767 1908 835 1962 opus
845 1910 903 1951 esse
913 1892 1031 1944 remediis
1038 1906 1050 1941 .·‘
1058 1890 1130 1943 addit
1140 1902 1166 1942 et
1174 1910 1204 1942 eo
1213 1891 1271 1964 qui·

259 1988 281 2021 1.
302 1971 399 2020 Praeter
415 1967 565 2039 opinionem
584 1966 722 2018 hominnm
766 1968 825 2019 dem
839 1971 923 2040 (quod
935 1989 996 2021 mox
1008 1969 1127 2021 dicturus
1139 1967 1199 2039 est).
1212 1973 1270 2021 Per·

219 2049 396 2101 constitutum.
406 2047 579 2098 Constitutum
587 2044 723 2098 dixissevi·
766 2050 804 2117 git
815 2049 961 2100 Exordium
978 2050 1005 2100 in
1022 2049 1086 2101 duas
1100 2059 1187 2120 partes
1203 2049 1281 2100 dirri-¹

220 2129 306 2195 detur,
317 2128 380 2179 dum
392 2127 474 2178 menti
487 2124 641 2176 obversatur
644 2125 723 2196 judi·
767 2128 847 2192 dunt,
863 2142 913 2180 etc.
926 2131 974 2180 Eo.
1267 2142 1270 2145 ’

220 2211 304 2274 cium,
323 2206 396 2278 quod
411 2205 532 2258 constitui
549 2204 645 2256 dicitur
657 2224 723 2276 pro·
802 2207 828 2274 4.
843 2208 877 2258 In
889 2208 954 2260 duas
966 2208 1089 2259 dividunt
1099 2218 1192 2278 partes.
1203 2207 1268 2259 Vall.

220 2292 277 2362 prio
287 2286 368 2359 (velut
378 2289 401 2354 §.
412 2286 447 2338 36
457 2287 535 2351 eth,
548 2303 577 2350 1,
591 2300 724 2356 10,quas·
767 2285 813 2338 lib.
827 2288 880 2339 nn.
895 2289 924 2353 8,
937 2306 968 2356 9,
985 2307 1029 2354 12,
1046 2290 1090 2353 13,
1106 2289 1132 2338 in
1150 2287 1215 2338 duas
1230 2286 1270 2336 di·

222 2367 258 2419 tio
277 2376 373 2428 00111,
395 2378 422 2417 et
440 2366 487 2430 111,
513 2380 557 2428 10,
577 2363 607 2429 3,
618 2363 724 2435 judicia
768 2365 866 2416 viditur
876 2378 969 2438 partes.
985 2370 1050 2435 Qua
1062 2367 1141 2419 lectio
1153 2378 1270 2418 nostram

219 2445 318 2518 corut).
337 2447 423 2498 Genus
437 2459 520 2495 causa
534 2444 604 2494 enim
616 2445 723 2514 proprie
767 2443 971 2514 explicationem
980 2446 1133 2510 confirmat,
1142 2443 1203 2494 vide
1215 2455 1268 2493 not.

219 2545 275 2577 non
286 2523 451 2576 constituitur
460 2539 620 2592 quamquam
630 2521 684 2572 Cic.
696 2523 724 2572 in
756 2525 846 2592 praec.
859 2519 886 2572 ai
899 2525 952 2573 sive
964 2523 1100 2586 dividunt,
1114 2524 1168 2573 sive
1180 2519 1269 2572 diuidi·

218 2610 292 2658 Verr.
303 2608 336 2668 V,
352 2621 374 2667 1,
387 2620 464 2652 causa
476 2600 647 2651 constituitur.
656 2598 724 2651 Vide
770 2609 813 2650 tur
824 2601 948 2650 omittunt
959 2602 1012 2651 RR.
1026 2602 1057 2665 3,
1070 2599 1094 2652 5.
1107 2599 1186 2650 Male.
1200 2601 1245 2650 En.

219 2687 279 2747 vn,
296 2699 318 2746 1,
334 2680 379 2744 14;
392 2682 455 2731 item
467 2684 500 2743 V,
515 2679 560 2742 13,
573 2678 616 2743 34.
805 2676 829 2729 5.
839 2678 1002 2748 Principium
1008 2717 1017 2744 ,
1026 2691 1052 2730 et
1059 2667 1268 2730 insinuationem.

257 2779 281 2812 1,
299 2761 333 2810 ln
350 2755 506 2808 admirabili.
521 2758 608 2806 Turio.
628 2756 724 2806 omittit
768 2753 1270 2826 1111111111.7,8,9,1111.Αι(1.,1·1

221 2841 265 2904 in,
284 2857 345 2889 cum
360 2835 427 2885 Alm.
446 2835 525 2884 (11111.
543 2833 607 2887 Obr.
625 2832 721 2885 Placet.
765 2833 849 2904 princ.
863 2843 888 2884 et
899 2833 946 2886 ins.
960 2837 1033 2886 Hanc
1044 2834 1162 2906 phrasim
1175 2835 1271 2885 omittit

221 2915 351 2971 -sotilt
364 2928 391 2966 11
406 2927 432 2965 et
442 2911 483 2963 ed.
492 2911 573 2963 Andr.
584 2930 616 2963 ex
625 2914 722 2963 nostris
767 2913 798 2962 R.
819 2928 859 2962 to.
877 2914 922 2963 En.
938 2913 1149 2983 -Principium
1166 2923 1193 2963 et
1209 2912 1270 2962 insi-

222 2999 355 3048 omittunt.
369 2996 415 3044 En.
768 2992 929 3042 nuationem.
944 2991 1011 3044 Vide
1031 2991 1065 3042 ad
1083 2993 1144 3042 Her.
1161 2993 1186 3055 l,
1206 2990 1270 3056 4·8;

256 3076 282 3128 3.
302 3072 415 3143 Quidam
432 3069 575 3121 exordium.
592 3068 680 3119 Turia.
697 3080 723 3118 et
767 3069 821 3121 Cic.
835 3070 869 3121 de
880 3073 934 3122 lnv.
948 3073 972 3136 Ι,
989 3071 1033 3134 15,
1048 3069 1082 3120 ad
1097 3088 1158 3123 eum
1171 3071 1269 3120 Marius

220 3154 307 3208 Gueli.
318 3151 423 3226 quidem
433 3169 455 3200 e.
465 3188 474 3214 ,
484 3167 546 3200 cum
555 3146 635 3199 Goth.
644 3148 721 3198 Voss.
767 3148 850 3214 vict,
859 3168 887 3219 p.
896 3149 964 3200 Pith.
977 3149 1025 3214 114
1032 3169 1039 3210 ;
1047 3149 1108 3200 Cur.
1118 3150 1271 3212 Fortunat,

210 3222 339 3302 1,Βε111.
353 3233 434 3284 Ctnn.
448 3242 473 3280 et
485 3227 586 3298 aliquot
597 3238 723 3298 praeterea
766 3245 826 3298 pag.
839 3225 882 3278 60.

221 3311 281 3365 edd.
291 3315 322 3363 In
331 3308 418 3362 Gueli.
428 3306 481 3358 hoc
491 3323 597 3375 quoqne
608 3302 724 3355 1111111111-
802 3306 828 3356 6.
845 3307 879 3356 ln
893 3306 1035 3378 principiis.
1053 3305 1132 3358 Goth.
1148 3304 1271 3376 (tacente

219 3391 391 3454 vertendum,
411 3387 484 3459 quod
503 3388 572 3437 inter
591 3383 647 3435 haec
667 3383 722 3434 duo
765 3383 859 3456 Gesn.)
875 3404 936 3436 cum
948 3386 1025 3436 Voss.
1044 3403 1073 3451 2,
1087 3386 1116 3434 in
1130 3385 1269 3457 principio.

220 3471 301 3524 verba
310 3487 398 3521 vacuae
408 3465 504 3518 chartae
515 3465 629 3533 spatium
637 3473 676 3513 est
685 3479 724 3512 re·
767 3464 864 3516 Placet.
878 3464 988 3516 -Valt
1003 3464 1049 3517 lihz
1060 3466 1112 3517 RR.
1130 3466 1160 3528 8,
1175 3481 1206 3532 9,
1226 3482 1270 3528 11,

220 3551 326 3615 lictum,
340 3547 473 3599 sufficiens
487 3540 619 3606 versibus,
632 3538 722 3609 quales
768 3542 795 3592 in
803 3542 942 3614 principio.
953 3544 985 3593 Et
995 3562 1056 3593 mox
1064 3561 1112 3612 pro
1120 3542 1272 3592 attentionis

222 3629 322 3680 suntin
334 3628 384 3677 isto
397 3621 508 3687 Codice,
520 3619 554 3686 14
565 3631 592 3669 et
602 3617 721 3669 dimidio.
767 3621 821 3672 RR.
836 3622 865 3687 8,
877 3638 908 3690 9,
920 3622 1036 3674 actionis.
1049 3621 1126 3673 Male.
1141 3625 1188 3674 En.

199 3694 365 3759 ⁴Exordium
394 3702 495 3753 orditur
521 3717 625 3750 versum
653 3700 722 3748 inte·
804 3715 828 3767 7.
842 3699 905 3769 Quoe
914 3700 975 3772 quia
986 3719 1043 3752 esse.
1053 3700 1141 3752 Gnelf.
1152 3712 1179 3751 et
1188 3698 1270 3752 Goth.

220 3800 311 3857 grum,
326 3797 352 3835 et
365 3783 450 3833 littera
462 3781 486 3830 E
497 3778 578 3828 minio
591 3789 630 3828 est
641 3778 721 3847 picta.
766 3774 832 3848 (tac.
852 3777 949 3848 Gesn.)
968 3781 1092 3829 omittunt
1110 3778 1188 3849 quia,
1209 3796 1272 3829 cum

221 3863 294 3918 Nihil
308 3875 396 3915 tamen
411 3859 473 3910 hine
490 3856 617 3908 excidisse
634 3856 723 3906 existi·
766 3860 843 3908 Voss.
861 3874 889 3923 2,
906 3858 936 3922 3,
953 3859 1033 3908 Cane.
1051 3857 1150 3929 Gryph.
1169 3855 1271 3928 (1536).

221 3963 275 3996 mo.
286 3972 321 3982 -—
331 3943 404 3993 Avic.
416 3942 473 3990 Put.
492 3936 565 3988 Poul.
578 3935 646 3987 Vall.
663 3934 720 3987 Lib.
767 3933 817 3987 Sed
828 3937 916 3988 Turia.
930 3950 955 3989 et
967 3937 1050 4002 Alm,
1064 3953 1123 4008 qua
1135 3946 1178 3987 est.
1193 3938 1272 3986 Error

220 4024 274 4075 1111.
288 4024 318 4089 3,
330 4019 360 4084 5,
374 4036 452 4089 7-11,
465 4021 533 4068 Prat.
546 4013 642 4081 Anda,
656 4023 721 4065 et'eo
765 4014 915 4084 negligendi
927 4016 990 4086 quia
1002 4031 1064 4086 post
1077 4032 1135 4086 qua
1146 4013 1271 4086 proclivis

220 4101 334 4178 quidem.
348 4096 502 4150 Exordium.
515 4096 579 4164 Quoe
591 4093 669 4150 lectio
682 4111 723 4143 so·
766 4105 830 4144 erat.
843 4123 879 4134 -
890 4094 989 4146 Eadem
1000 4097 1111 4151 varietas
1124 4096 1151 4147 in
1163 4096 1267 4148 nostris.
