2634 4822
163 408 206 489 34
448 409 495 475 Μ.
515 409 629 475 FABll
646 408 925 492 QUINTILIAM

107 553 142 620 43
160 549 221 603 aut
236 529 358 628 patris,
370 527 426 601 vel
441 528 647 618 miserabili,
664 529 772 620 senis,
787 532 885 620 ceci,
903 532 1054 607 infantis.
1071 533 1117 607 Et
1131 536 1215 634 qni·-

159 646 263 720 dem¹
277 645 406 745 quibus
416 645 579 719 adversus
591 645 664 719 baec
675 645 788 719 modis
800 648 843 719 sit
854 648 1089 738 medendum,
1098 651 1216 726 verbo

157 762 229 836 sius
247 760 407 848 tradunt,
427 759 656 856 materiasque
673 759 739 857 ipsi
755 760 821 832 sibi
838 762 996 860 fingunt,
1015 764 1112 838 etad
1131 792 1212 839 mo-

159 888 257 950 rem²
271 873 449 948 actionum
465 872 759 972 persequuntur³;
773 876 833 950 sed
848 875 918 966 hee,
931 903 1044 975 quum
1054 879 1214 954 orientur

158 1017 200 1062 ex
215 989 344 1080 causis,
358 1014 509 1087 quarum
525 987 658 1085 species
672 989 839 1088 consequi
857 1017 982 1065 omnes
996 1019 1069 1065 non
1085 1019 1211 1092 possu-

157 1203 262 1255 queso,
280 1184 400 1254 quoties,
417 1194 509 1234 contra
527 1182 659 1232 recentio—
706 1185 829 1245 «vantis3
841 1208 852 1232 n
866 1183 912 1238 ubi
922 1183 1003 1238 modo
1014 1185 1116 1239 dixerat

153 1283 213 1315 rum
227 1264 375 1333 linguarum
389 1280 481 1327 usum,
492 1272 594 1312 veteres
609 1258 658 1311 lta-
702 1279 767 1311 num
780 1259 819 1331 (§.
833 1260 868 1314 65
878 1262 888 1333 )
899 1281 949 1335 pro
961 1264 1096 1317 advocato.

153 1343 209 1395 bere
219 1355 364 1413 usurpent,
376 1339 424 1393 ubi
436 1339 529 1392 dicunt
540 1357 596 1391 rem
607 1337 657 1388 ali-
741 1359 763 1391 r.
775 1342 813 1394 Et
822 1341 937 1414 quidm.
950 1343 1030 1397 Goth.
1042 1349 1120 1401 Voss.
1134 1363 1160 1401 2.
1172 1349 1209 1399 Et

154 1439 233 1490 quam
250 1419 349 1473 babere
364 1418 406 1485 id,
421 1417 494 1488 quod
511 1419 581 1468 circa
598 1433 656 1466 eam
701 1420 823 1491 quidam,
840 1421 914 1491 quod
930 1424 1013 1474 suasit
1027 1426 1133 1495 Regius.
1148 1428 1208 1478 Me-

150 1512 277 1552 versatur.
287 1496 457 1569 (Vide‚verbi
464 1514 543 1548 causa
550 1495 613 1559 ,Vl,
623 1510 655 1559 2,
701 1498 779 1551 liores
787 1499 872 1553 Codd.
881 1501 1044 1555 Almsrurtc.
1051 1503 1139 1558 Guelf.
1147 1522 1209 1558 nos·

154 1579 348 1650 10;Vll‚praef.
361 1576 394 1649 1).
404 1581 499 1646 Neque
509 1574 580 1626 enim
589 1570 656 1624 dure
700 1589 768 1630 trum
783 1577 891 1633 hubent.
908 1580 1012 1648 Quibus
1029 1583 1155 1647 accede„
1168 1586 1208 1637 vi.

148 1657 223 1711 dioas
238 1681 250 1704 r
259 1657 315 1710 baec
327 1676 408 1709 causa
419 1654 500 1707 hebet
511 1665 655 1732 patronurn
699 1655 795 1709 dentur
806 1657 908 1729 reliqui.
923 1662 961 1713 Ex
971 1673 1037 1712 vett.
1049 1652 1110 1714 edd.
1123 1662 1205 1714 Ceste.

151 1737 530 1798 «exdiversoconsistentemn‚
540 1748 654 1802 quorum
698 1737 775 1788 Tarv.
785 1738 865 1789 Ruso.
878 1736 954 1803 Ald.‚
966 1739 1084 1811 quidam.
1097 1743 1205 1794 Praestat

147 1817 210 1871 loeo
226 1817 270 1870 hie
286 1816 369 1889 paulo
383 1814 505 1867 licentius
522 1823 562 1863 est
579 1807 652 1861 shu-
694 1814 998 1885 quidem,utdifficilius
1013 1831 1039 1871 ot
1052 1822 1147 1890 majori
1161 1836 1207 1874 η.

150 1920 163 1943 α
169 1901 214 1968 jus
224 1915 309 1948 eausae
319 1897 401 1947 facies
410 1892 492 1944 habet
501 1915 513 1938 n
525 1903 576 1941 eto.
589 1889 650 1957 Quo
696 1895 817 1947 ctoriteto
828 1895 968 1949 firmarum.
980 1897 1076 1950 Similis
1085 1917 1151 1951 usus
1161 1912 1204 1952 est

146 1977 175 2027 ln
189 1994 286 2046 geuene
299 1973 381 2049 vqrbo
398 1972 501 2035 babere,
517 1971 546 2022 in
561 1966 650 2020 nomi·
694 1973 802 2026 Sueton.
818 1974 871 2028 Jut
881 2012 889 2040 ‚
899 1975 1003 2046 esp.6²
1013 1998 1020 2039 ς
1031 1979 1094 2028 item
1103 1979 1203 2046 insat,

145 2073 211 2107 num
226 2067 375 2118 structura,
388 2050 506 2104 succedit
519 2050 649 2118 genitivus
697 2067 742 2118 ιο,
752 2052 800 2122 953
813 2055 864 2119 lx,
874 2053 904 2121 4,
916 2071 965 2124 79,
977 2055 1024 2109 ubi
1034 2057 1108 2109 nulla
1116 2060 1202 2110 varic-

146 2137 204 2205 ejus
213 2135 265 2199 rei,
276 2151 333 2203 que
343 2130 464 2183 babetur.
475 2130 588 2194 Cetera,
596 2131 652 2198 qui·
695 2145 750 2198 tas,
761 2135 812 2191 nisi
822 2132 895 2204 quod
907 2137 995 2204 priore
1006 2134 1068 2187 loco
1079 2141 1157 2191 Voss,
1170 2139 1201 2204 3,

142 2209 196 2263 bus
215 2203 360 2262 offendiris
377 2210 406 2262 in
421 2209 474 2260 hoc
492 2207 569 2273 loco,
587 2219 651 2259 nats
694 2210 766 2282 quod
771 2211 891 2284 quidem,
902 2230 1033 2282 perverse.
1044 2213 1152 2281 VideV‚
1159 2232 1200 2286 pr.

144 2289 649 2358 suntetstudiobreritatiuqutequum
696 2305 726 2356 ι,
749 2291 779 2354 63
805 2306 833 2356 ι,
849 2291 893 2347 38.
908 2293 1030 2344 -Διίο,
1047 2294 1107 2345 Pus.
1123 2294 1199 2347 Poul.

137 2369 239 2441 sociem
250 2368 332 2422 semel
342 2369 489 2440 posuisset,
500 2364 591 2418 mullet
601 2363 648 2416 ad·
692 2371 746 2423 RB.
759 2371 790 2436 3,
803 2368 834 2436 5,
847 2387 873 2440 7,
889 2388 934 2437 ιο,
950 2387 991 2436 ιι,
1003 2374 1089 2438 Prae,
1103 2383 1129 2424 et
1139 2375 1200 2446 (μή.

138 2450 239 2521 jectivo
254 2448 289 2501 ad
302 2465 400 2501 nomen
411 2445 480 2499 illud
492 2461 647 2497 accommo·
691 2448 759 2503 αιιη,
775 2452 837 2505 No„
850 2460 903 2505 tan
918 2453 1076 2503 auctoritate
1090 2465 1200 2521 pmcn

141 2528 233 2580 dendo
252 2527 362 2597 defungi
379 2525 453 2596 opud
471 2523 646 2592 intelligentes
689 2525 746 2580 ltaec
765 2527 862 2588 lectio;
883 2526 931 2578 sed
952 2541 978 2580 et
998 2546 1086 2580 sensu.
1109 2532 1197 2601 Pergit

141 2606 270 2672 lectores,
286 2623 365 2676 quam
378 2602 515 2655 verbosius
530 2601 645 2656 diceudo
689 2603 864 2657 enimFsbius
871 2606 983 2657 istorum
989 2605 1126 2660 rhetorum
1134 2627 1197 2661 seu·

142 2687 223 2736 etiam
239 2683 321 2734 tardis
339 2694 438 2753 patere.
458 2679 539 2749 Quod
556 2693 646 2732 autem
689 2684 799 2736 mutium
810 2682 951 2754 explicare.
964 2685 1011 2736 En.

138 2764 236 2832 negari
251 2761 378 2814 invidiam
392 2760 445 2813 dici
458 2759 501 2826 id,
515 2759 588 2830 quod
600 2764 645 2812 in·
727 2779 751 2814 a.
763 2761 1047 2814 Etadmorem.'l'urie.
1058 2765 1193 2818 omnim.

141 2841 238 2894 vidiant
251 2841 354 2913 faciat,·
374 2839 426 2889 hoc
441 2858 496 2888 non
512 2858 545 2888 eo
561 2839 645 2908 parti-
688 2841 1196 2915 amorem.Ctue.‚etmorem‚sineprae-

140 2935 196 2988 net,
204 2922 281 2991 qussi
287 2918 446 2989 adjectivum
452 2935 508 2969 non
515 2918 644 2987 sigrnlicet
687 2937 747 2990 pos.
761 2920 902 2975 Pristinum
914 2940 1030 2973 errorem
1041 2933 1069 2975 et
1077 2923 1114 2973 ad
1125 2943 1196 2977 mor-

141 3020 217 3067 eum,
228 3002 273 3071 qui
282 2999 580 3055 iuvidismcommoveat
590 2997 642 3051 alii
689 3007 753 3062 tem,
773 3016 853 3068 quern
869 3002 982 3051 conexit
997 3001 1112 3068 Regius,
1132 3015 1194 3057 ante

138 3083 202 3133 Ilaec
219 3082 290 3132 enim
306 3080 413 3150 propria
427 3080 484 3148 ejus
499 3089 539 3128 est
552 3088 644 3146 potes·
688 3077 781 3130 Venet.
794 3095 888 3133 ornnes
902 3092 1029 3148 preterea
1040 3091 1102 3132 vett.
1117 3099 1192 3134 mete.

140 3172 189 3210 tas.
200 3157 267 3210 Vide
283 3158 398 3209 Gronov.
416 3168 442 3207 et
458 3153 591 3208 Dralenb.
608 3152 643 3204 ad
686 3183 723 3195 --
740 3157 810 3208 Beue
827 3167 855 3208 et
872 3156 908 3208 ed
926 3174 1024 3208 morem
1044 3170 1076 3208 ex
1093 3162 1192 3215 nostrin

137 3238 194 3290 Lis.
202 3236 252 3302 IX,
262 3253 308 3306 29,
317 3253 342 3305 7.
352 3237 413 3287 Uno
420 3232 551 3301 defungar
557 3249 643 3283 exem·
685 3233 839 3309 codicibus.
853 3238 900 3289 Eu.

50 3340 56 3347 =
136 3317 186 3389 plo
201 3317 320 3387 inprimis
336 3315 476 3366 manifesto
490 3310 567 3366 Ouid.
583 3313 642 3364 Me·
722 3315 747 3370 3.
766 3316 967 3387 Persequuntur.
988 3314 1074 3369 Codd.
1096 3332 1193 3388 penta·

138 3409 202 3448 tem.
221 3399 253 3461 V,
275 3393 325 3447 513
342 3391 452 3464 (Ceres)
470 3402 531 3443 onte
549 3390 642 3444 Jovem
685 3391 765 3446 Gotb.
778 3393 866 3446 nullos
878 3392 969 3458 video,
987 3396 1034 3463 qui
1052 3413 1108 3448 noa
1124 3396 1192 3453 dent

136 3477 224 3549 passis
231 3476 306 3527 stetit
315 3463 442 3526 invidiosa
451 3469 566 3540 capillis3
577 3472 641 3522 item
682 3482 882 3544 proeequwttu'r.
901 3470 954 3524 sed
972 3485 1091 3525 nostrone
1106 3478 1191 3529 ratio-

138 3556 232 3609 Nostri
248 3553 298 3617 ΧΙ,
318 3569 345 3617 ι,
361 3551 407 3605 63.
426 3580 462 3591 -
478 3552 536 3601 Put.
555 3568 569 3600 a
585 3567 638 3601 soc.
684 3569 746 3604 nem
759 3549 858 3615 οιΜο,
873 3569 934 3602 oum
944 3549 1006 3602 edd.
1020 3555 1100 3605 Csttr.
1113 3556 1187 3608 Jens.

136 3654 208 3688 man.
222 3632 252 3684 Pe
264 3632 352 3685 bitem
365 3628 525 3683 velinnidia.
539 3627 642 3681 suiset
682 3628 754 3698 (non
773 3631 843 3682 mim
859 3629 906 3682 illa
923 3630 1009 3702 cous.)
1025 3634 1101 3684 Terv.
1120 3638 1187 3688 Ven.

138 3712 274 3765 invidiosa.
288 3715 335 3764 En.
348 3739 382 3750 -
396 3707 424 3762 V
420 3706 445 3759 el
462 3706 638 3759 invidiose...
680 3713 762 3767 nuso.
776 3710 886 3782 aliisque
894 3711 1100 3778 recentioribus,
1110 3727 1137 3765 et
1147 3733 1188 3767 res

136 3792 180 3846 vel
191 3789 336 3846 miserabili.
349 3793 492 3841 Petronum
504 3805 567 3838 cive
578 3785 605 3840 h.
618 3786 638 3838 l.
680 3792 741 3860 ipss
754 3790 931 3841 cominendnt.
945 3792 1026 3842 Gesu.
1040 3809 1109 3861 prns.
1121 3792 1188 3845 Vide

136 3873 252 3943 accipias
260 3867 432 3922 causidicum.
441 3866 551 3917 Patroni
558 3864 639 3937 hujus
678 3871 837 3941 l,pmoe1u.
857 3869 906 3933 25;
925 3873 988 3922 item
1003 3872 1052 3937 Vl,
1072 3871 1186 3937 1‚5.-

135 3951 217 4003 cliens
234 3962 274 4002 est
292 3947 334 4000 vel
352 3958 434 4010 octor,
452 3943 494 3997 vel
513 3944 636 4014 litigator.
683 3947 755 4000 Ario.
769 3951 826 4000 Pnt.
839 3950 892 4000 nu.
906 3949 937 4014 3,
948 3949 978 4015 5,
993 3966 1038 4016 ro,
1051 3966 1092 4015 ιι,
1103 3970 1187 4023 pron·

136 4031 204 4084 Vide
219 4029 272 4095 XI,
287 4046 315 4093 ι,
335 4025 384 4078 66:
401 4024 522 4079 «Eadem
539 4043 588 4096 pro
604 4023 638 4077 li·
682 4037 807 4098 quuntur.
820 4027 894 4079 Poul.
908 4027 976 4080 vall.
987 4027 1035 4079 lib.
1045 4028 1103 4083 RB„
1116 4049 1142 4100 7,
1153 4032 1184 4094 8,

139 4110 242 4163 ..Βοιὼ
257 4107 385 4162 adversm
403 4116 528 4177 patrum
544 4105 637 4158 obser·
683 4122 714 4174 9,
730 4122 775 4171 rs,
784 4117 979 4177 persequuntur.
992 4109 1039 4175 Fut
