2634 4822
378 455 419 517 V.
443 452 512 518 CL.
535 451 783 518 SPALDING.
1088 461 1106 524 3

66 602 155 650 num
170 573 358 665 libellum,
380 599 424 646 eo
446 599 535 647 sane
552 598 630 646 non
647 572 860 647 breviorem
880 594 1052 675 poteram
1072 596 1109 652 et

66 695 124 767 hic
135 693 337 790 subjicere,
350 690 381 763 si
395 694 597 789 praesertim
613 704 811 765 retractare
825 690 1013 786 libuisset,
1027 722 1109 794 quae

66 810 255 908 interjecto
269 832 346 879 non
357 805 489 903 exigno
499 817 670 903 tempore
682 820 719 876 et
731 804 812 877 aliis
824 825 863 878 et
876 834 937 880 me
949 808 1033 909 ipso
1044 809 1112 883 ad·

67 919 305 995 monentibus
315 919 449 1024 didici.
459 922 592 1013 Quum
607 935 736 992 tamen
750 925 810 991 vix
823 920 940 1020 possit
953 925 1112 1022 sperari,

68 1037 160 1111 nihil
172 1039 255 1135 jam
270 1030 407 1107 erroris
421 1033 463 1104 in
478 1046 674 1132 posterum
690 1032 783 1105 mihi
795 1037 1114 1134 comperiturum,

69 1153 177 1226 satius
192 1149 263 1222 erit
277 1149 377 1221 hanc
392 1147 696 1221 emendationem
711 1148 878 1245 perfecto
892 1153 996 1249 ope1i
1011 1179 1116 1226 coro·

70 1266 265 1345 nidisloco
272 1265 480 1362 imponere.
490 1260 788 1359 Aliqueiuterim
799 1255 925 1337 licebit
937 1263 1117 1359 delibare,

68 1408 143 1480 quae
158 1397 381 1480 praesentem
394 1403 473 1476 prae
484 1375 565 1448 aliis
578 1374 767 1447 medelam
783 1376 952 1474 flagitare
965 1379 1118 1455 videan-

69 1509 135 1566 tur.
158 1498 205 1565 Et
229 1492 345 1592 primi
367 1489 523 1589 quidem
547 1488 753 1570 voluminis
776 1490 969 1565 maculam
995 1495 1118 1569 eluere

72 1608 177 1707 cupio
194 1633 295 1697 eam,
307 1631 390 1705 quse
404 1603 702 1703 ingeniosissima
713 1605 794 1702 jam
806 1606 955 1705 pridem
970 1609 1119 1707 conjec-

72 1737 153 1795 ture
170 1720 334 1794 abstersa
354 1720 445 1813 fuit,
467 1745 528 1793 me
548 1717 703 1817 quidem
724 1720 869 1817 ignaro.
888 1723 1033 1822 Nempe
1049 1746 1119 1824 pe⁴

72 1834 301 1927 ratiormihi,
311 1834 462 1934 opi-nor,
475 1837 582 1906 venia
592 1847 645 1906 est
654 1860 769 1932 quam
780 1838 1015 1930 BurmannO,
1025 1840 1119 1912 roto

72 1949 236 2050 (qualem
245 1949 421 2049 peritiam
431 1949 548 2046 jactat
559 1947 756 2047 aliquoties
768 1954 807 2020 in
819 1948 980 2024 ridendo
993 1951 1120 2027 adver·

75 2069 169 2138 sario
185 2090 272 2154 suo,
286 2062 506 2161 Theologo).
527 2044 738 2154 Posita'est,
754 2064 794 2135 in
813 2063 1036 2165 Schultingii
1054 2072 1122 2139 Ju-

74 2177 326 2278 risprudentia
343 2178 709 2265 Ante-lustinianea,
731 2204 768 2277 p.
795 2177 881 2277 748,
902 2181 1120 2254 emendatio

75 2293 143 2366 loci
154 2296 188 2382 I,
205 2291 245 2384 q,
263 2319 303 2389 9:
325 2324 340 2356 u
353 2319 427 2390 qna
440 2310 619 2364 tamen...
633 2292 888 2389 quaesissemus
902 2331 917 2360 κ
936 2310 1042 2366 eruta
1054 2293 1122 2366 illa

76 2435 96 2480 a
118 2412 219 2481 Petri
239 2405 375 2480 Pithoei
395 2404 581 2496 sollertia,
608 2420 645 2476 et
668 2403 822 2504 quidem
846 2404 1056 2504 ejusmodi,
1078 2427 1123 2480 ut

76 2519 341 2594 commendare
355 2547 437 2592 eam
458 2520 588 2620 peritis
603 2524 651 2593 sit
665 2518 888 2591 eorumdem
900 2520 1042 2619 judicio
1060 2522 1122 2593 in-

73 2634 210 2732 juriam
227 2635 362 2733 faperc:
385 2667 399 2698 o
415 2662 483 2735 qua
503 2649 573 2705 tam
595 2660 712 2706 carere
728 2639 903 2734 potuimus
923 2662 1027 2735 quam
1047 2637 1127 2708 PSI

81 2777 174 2823 onon
193 2755 416 2848 querimus.»
442 2753 568 2822 Unam
585 2749 751 2821 litteram
770 2751 802 2819 P
823 2748 869 2820 de
887 2776 954 2821 suo
973 2749 1123 2823 addidit

77 2865 256 2953 Pithoeus,
269 2878 400 2936 caetera
414 2864 454 2936 in
470 2870 653 2964 scriptura
668 2863 786 2937 Codd.
802 2862 962 2963 reperies
980 2865 1120 2937 omnia.

79 2979 131 3051 Ad
145 2980 213 3067 Ill,
232 2981 272 3070 6,
284 2980 347 3075 93,
367 2976 504 3051 oblitus
519 3005 602 3052 sum
617 2982 696 3051 Asc.
713 2976 886 3067 Pediani,
900 2979 965 3075 qui
980 3004 1122 3051 memo·

79 3109 133 3163 rat
147 3091 254 3164 Bruti
271 3096 483 3164 orationem
498 3119 568 3192 pro
583 3093 746 3181 Milone,
764 3117 801 3190 p.
826 3092 903 3186 193.

125 3209 212 3277 Jam
236 3206 284 3278 ad
305 3205 390 3280 loca
410 3208 583 3304 quaedam
604 3206 716 3304 hujus
737 3205 942 3280 voluminis
966 3203 1122 3296 accedo,

82 3345 159 3417 quae
174 3320 415 3419 periculosius
427 3319 611 3394 laborant.
626 3321 782 3419 Reliqua
796 3318 1005 3392 tardiorem
1016 3318 1123 3391 illam

83 3439 333 3528 curationem,
348 3450 389 3506 ut
406 3436 559 3533 quidem
579 3460 706 3536 spero,
724 3433 890 3532 opperiri
906 3447 1122 3532 poterunt¹.

117 3599 135 3649 ¹.
147 3600 186 3653 Ea
197 3613 287 3653 autem
298 3619 347 3653 suo
360 3618 470 3673 queque
482 3601 543 3653 loco
555 3600 709 3674 reponenda
721 3600 880 3652 curabimus.
930 3597 994 3667 (Ed.
1009 3597 1097 3670 nota.)

1164 4132 1248 4528 (
