2634 4822
282 437 612 507 rusrtrurronts
629 392 758 505 onir.
778 440 860 507 un.
880 442 936 522 ru,
961 469 988 508 ι.
1119 446 1161 516 ss

110 564 231 641 noetio
249 584 407 663 surrepat
422 563 567 634 animis¹
584 562 736 635 maxime
752 563 813 635 ubi
829 567 947 637 frons²
964 592 1073 639 causae
1088 595 1161 641 non

108 681 188 754 satis
199 681 346 752 honesta
358 699 423 767 est,
438 677 491 750 vel
511 676 593 775 quia
609 704 660 749 res
677 678 719 749 sit
735 678 913 777 improba,
926 679 980 751 vel
997 682 1079 779 quia
1093 682 1162 755 ho-

109 793 291 868 minibus³
312 820 438 893 porum
460 793 644 890 probetur3
668 814 728 863 aut
747 794 776 864 si
795 793 907 866 faciel
928 821 1069 894 quoque
1089 797 1165 895 ipsa

110 910 293 1009 premitur,
304 907 359 979 vel
371 906 540 980 invidiosa
552 907 789 979 consistentis⁵
805 921 846 981 cl
861 908 993 982 diverso
1006 913 1163 1010 patroni,

110 1069 174 1123 cod.
189 1072 260 1120 Prot.
276 1070 313 1120 its
326 1066 407 1120 habet
420 1087 450 1120 ac
462 1066 616 1138 distinguit,
660 1068 712 1119 Ru.
727 1068 758 1134 3,
772 1067 802 1136 5,
815 1088 840 1140 7,
853 1069 883 1135 8,
895 1086 926 1140 9,
943 1087 987 1136 12,
1001 1073 1073 1124 Jens.
1086 1072 1166 1140 Ald,

109 1158 201 1200 ettem.
209 1146 368 1219 postulatio,
379 1163 438 1218 quoe
446 1165 496 1199 esse
508 1148 535 1198 ἰη
547 1147 617 1218 turpi
662 1145 703 1198 vel
714 1147 776 1218 quia
788 1148 819 1198 ab
831 1147 985 1200 hominibus.
999 1150 1045 1201 En.

107 1244 201 1301 periere
216 1243 299 1276 causo!
315 1243 369 1276 uon
383 1235 474 1296 potest.
492 1225 617 1276 Insinua-
697 1225 722 1291 4.
736 1225 791 1275 Aut
801 1226 822 1277 si
827 1227 909 1298 facie.
920 1228 1007 1279 anic.
1022 1231 1120 1281 omittit
1128 1230 1150 1284 si
1155 1266 1165 1294 ‚

111 1306 159 1372 tio,
176 1318 227 1357 etc.
240 1306 347 1356 Rectius
358 1304 435 1355 forte.
449 1305 495 1354 En.
662 1323 723 1355 cum
735 1305 816 1356 Certe.
829 1305 926 1357 Placet.

148 1399 171 1436 1.
189 1384 317 1454 Sumpst
331 1382 432 1434 animis.
450 1379 517 1432 Edd.
535 1379 616 1432 Cotto.
699 1381 724 1434 5.
742 1381 792 1436 Vel
807 1384 934 1436 invidiosa
948 1387 1113 1438 consistentis.
1128 1389 1169 1438 Ita

112 1475 138 1516 et
149 1461 248 1528 Andr„
259 1461 369 1532 surrepit
377 1460 479 1512 animis.
490 1460 544 1512 ΗΒ.
556 1459 583 1526 3,
593 1457 619 1525 5,
663 1462 751 1516 Guett.
767 1481 828 1514 cum
842 1463 917 1514 Bodl.
932 1465 1027 1517 Josnn.
1041 1469 1119 1519 Voss.
1136 1482 1168 1531 α,

112 1544 172 1596 Ald.
186 1553 306 1615 surrepat
316 1541 424 1593 animos.
438 1544 483 1593 Eo.
664 1542 694 1609 3,
713 1542 789 1593 Bern.
809 1541 888 1593 Goth.
909 1542 977 1594 Alm.
995 1545 1082 1597 Turio.
1103 1546 1170 1616 (nisi

148 1639 173 1676 2.
192 1622 282 1674 Frons.
297 1621 385 1671 Turic.
404 1631 430 1671 et
443 1617 531 1670 Guelf.
544 1616 618 1687 sort,
665 1620 739 1690 quod
762 1634 957 1692 postremorum
984 1636 1095 1693 uterque
1123 1624 1171 1676 dat

113 1719 176 1754 cum
189 1699 258 1751 tim.
273 1700 345 1750 lens.
360 1696 423 1767 (tac.
436 1697 529 1767 Gesn.)
541 1696 617 1746 Tarv.
665 1703 744 1751 etism
756 1700 903 1771 consistens)
914 1715 940 1751 et
952 1700 1011 1752 edd.
1027 1704 1092 1753 meis
1108 1717 1170 1755 ante

112 1781 177 1833 Iaoc.
192 1778 254 1831 Ald.
271 1777 323 1831 Sed
336 1775 417 1830 Goth.
436 1789 462 1828 et
474 1775 542 1828 vall.
560 1772 618 1845 (ref.
664 1777 727 1829 Bad.
746 1797 798 1830 sec.
817 1779 955 1845 omnibus,
967 1798 1020 1850 quo
1036 1799 1091 1832 scc.
1107 1780 1168 1832 Ald.

112 1857 209 1929 sudio)
217 1871 367 1929 receptam,
378 1869 405 1907 et
416 1857 454 1908 slc
464 1855 545 1906 Cum.
557 1871 622 1924 quo·
665 1876 718 1909 sec.
729 1860 824 1909 Praeter
830 1861 991 1910 recentiores
1000 1858 1060 1911 edd.
1070 1871 1171 1912 restant

114 1955 167 2011 que
192 1954 256 1988 curn
274 1935 382 2006 reliquis
401 1932 571 1986 editionibus.
585 1959 621 1970 -
664 1937 745 2006 igitur
764 1935 881 1989 vindices
902 1950 1013 2010 receptae
1035 1941 1170 2011 scriptura

113 2013 403 2084 tvie.P0ut.Ru.5,7,
415 2012 620 2084 ubiforscautoe.
667 2034 724 2085 quse
743 2017 780 2067 sic
799 2015 894 2081 hebet,
913 2015 1013 2067 invidia
1028 2035 1066 2082 c.,
1083 2014 1169 2069 codd.

114 2091 173 2148 Put.
185 2093 240 2146 llll.
254 2094 285 2160 3,
300 2111 345 2159 ιο,
360 2108 401 2158 ιι,
415 2094 499 2155 Pret,
514 2090 558 2141 uli
570 2106 621 2141 sors
665 2092 719 2145 Bal.
732 2097 809 2145 Voss.
826 2111 848 2145 1.
864 2096 920 2144 Hos
932 2093 974 2146 vel
988 2095 1096 2146 mutilos
1110 2095 1138 2146 h.
1151 2095 1168 2147 l.

114 2190 206 2226 ccusoe.
218 2175 266 2226 Eo.
279 2201 316 2211 -
326 2173 413 2223 Frons.
422 2210 428 2222 .
436 2209 441 2219 .
450 2209 456 2220 .
464 2168 546 2240 facie.
559 2170 621 2220 Non
664 2171 708 2223 vel
720 2171 787 2223 male
799 2172 912 2224 collatos
924 2173 1003 2226 facile
1018 2176 1169 2246 suspiceris.

113 2252 233 2304 diffiteor
242 2250 381 2302 molestam
391 2245 545 2299 mihlvideri
551 2245 622 2297 hane
666 2251 718 2304 Sed
731 2270 765 2302 ne
777 2265 846 2302 stare
860 2251 967 2322 quidem
978 2267 1068 2324 potest
1079 2273 1171 2326 recep-

116 2330 196 2400 facier'
212 2347 228 2380 s
240 2328 333 2402 fronte
345 2324 523 2378 discernendae
538 2324 622 2376 allec·
667 2342 703 2380 ts.
715 2331 782 2396 Quis
795 2331 864 2380 enim
876 2331 943 2381 ferat
956 2329 997 2381 vel
1008 2333 1172 2402 praemissum

115 2411 260 2473 tationem,
270 2424 353 2478 quum
363 2407 392 2456 in
401 2404 547 2475 impropria
560 2419 623 2472 qua·
664 2416 738 2460 nunc
749 2408 912 2460 substantivo
924 2411 1037 2475 invidia,
1046 2431 1117 2472 nunc
1128 2411 1173 2463 ad-

116 2487 147 2540 lis
170 2486 228 2538 haec
249 2498 303 2551 est,
324 2486 443 2536 oratione
460 2484 516 2534 fere
538 2481 622 2533 soleat
663 2489 762 2560 jectivo
784 2484 932 2538 miserabilis
950 2486 999 2558 (eo
1019 2491 1089 2539 enim
1107 2507 1173 2540 casu

117 2570 230 2637 uterque
256 2565 402 2634 significare
428 2575 561 2614 externam
583 2561 623 2612 rel
667 2565 789 2618 scribitur
802 2565 855 2618 hoc
867 2565 1028 2618 vocabulum
1041 2569 1069 2621 iu
1084 2571 1172 2620 omni·

119 2648 243 2718 speciem.
262 2647 295 2696 Et
305 2643 390 2716 facies
405 2640 523 2694 succedit
533 2639 623 2712 fronti
666 2644 717 2696 bns
729 2657 790 2696 ante
802 2663 845 2695 me
857 2643 958 2716 libris)?
969 2645 1051 2714 Quod
1062 2649 1085 2698 si
1096 2647 1173 2699 mise-

119 2727 147 2777 in
166 2722 262 2776 eadem
282 2723 418 2774 locutione
441 2718 513 2790 apud
535 2721 624 2790 ipsum
667 2721 754 2774 rabilis
766 2722 866 2794 pendet
880 2722 914 2774 ab
930 2723 1042 2789 invidia,
1056 2723 1173 2777 debebat

120 2805 248 2856 Nostrum
255 2803 305 2867 IX,
318 2817 348 2866 α,
362 2798 394 2851 25
402 2796 461 2870 (sed
473 2817 505 2850 ex
516 2796 622 2867 Calv0)=
668 2800 710 2852 vel
722 2803 788 2872 poni
801 2816 864 2873 post
878 2821 936 2853 earn
950 2821 1051 2854 vocem.
1069 2801 1173 2854 Deinde

123 2903 135 2927 ι
144 2880 400 2951 Perfiicufrontcm·
410 2877 517 2942 tumXI,
525 2877 551 2940 3,
561 2876 622 2927 160:
669 2877 782 2949 quidest
792 2879 892 2927 invidia
899 2880 1007 2947 patroni
1010 2882 1023 2929 Ρ
1031 2883 1103 2933 Dure
1109 2899 1172 2952 pro·

124 2959 288 3012 «Perii-icore
297 2958 405 3030 faciem.
417 2981 429 3005 s
440 2957 526 3009 Etiam
536 2956 586 3020 xl,
602 2971 624 3020 1,
668 2959 740 3010 lecto
759 2955 829 3008 dicta
845 2975 895 3027 pro
913 2975 945 3008 ea
962 2958 1074 3024 invidia,
1094 2978 1173 3030 quem

121 3036 409 3110 61,ubiplsnesimilia
418 3035 459 3087 his
469 3045 624 3098 tractantur,
669 3037 711 3089 vel
723 3037 806 3087 actori
819 3035 862 3087 vel
876 3035 1001 3104 litigatori
1010 3037 1111 3089 conflet
1123 3056 1173 3109 pa-

119 3117 235 3190 frontem
245 3116 323 3187 ponit
330 3117 438 3167 Noster.
452 3114 577 3182 Cogimur
585 3125 625 3163 ts·
669 3128 775 3176 tronus;
793 3132 855 3165 nam
873 3117 981 3185 proprie
998 3117 1113 3186 accipies
1132 3130 1173 3167 ta-

122 3214 184 3247 men
198 3197 228 3246 in
237 3193 313 3264 facie
327 3192 355 3244 h.
370 3193 389 3244 l.
408 3209 550 3261 agnoscere
565 3208 626 3261 spe·
668 3193 736 3258 lem,
752 3210 804 3263 qua
823 3191 926 3244 laboret
944 3195 1000 3264 ipse
1019 3193 1060 3263 (ut
1079 3198 1122 3260 lv,
1141 3213 1173 3261 n,

124 3275 190 3325 ciem
209 3271 293 3344 paulo
314 3274 466 3323 interiorem
487 3288 566 3341 quom
586 3281 627 3320 cst
672 3271 736 3335 113,
756 3269 1063 3341 inuidiacoedentis).1n
1082 3285 1174 3324 nostra

120 3348 627 3424 frons,qnamquarnnccipsamverita-
671 3350 860 3401 constitutione
878 3347 947 3418 (quae
965 3362 1005 3400 est
1022 3362 1078 3403 tota
1097 3350 1174 3402 codi-

126 3432 157 3482 tis
166 3428 282 3482 iudicent
292 3440 399 3481 certam.
411 3425 507 3478 Badius
518 3427 625 3489 «lions,
669 3446 746 3494 curn,
759 3447 812 3480 una
824 3428 917 3479 abrasa
929 3427 1015 3480 littera
1027 3430 1085 3480 Sin
1097 3431 1175 3482 mise·

129 3510 200 3574 «ait,
213 3524 299 3559 cauete
310 3518 363 3571 est,
376 3523 429 3575 qua
442 3507 499 3575 ipso
512 3506 627 3575 primum
672 3505 760 3570 rabili,
773 3506 850 3558 facile
863 3508 993 3576 irrepente
1009 3507 1044 3558 ob
1059 3526 1174 3578 sequens

130 3597 276 3658 «apparet,
282 3585 366 3657 facies
378 3601 430 3654 qua
442 3586 601 3653 agnoscitur.
613 3606 624 3630 s
672 3587 748 3657 senis)
764 3586 889 3638 invidiosa
906 3585 1080 3657 adjectivum,
1100 3602 1173 3640 sexto

128 3665 157 3716 ln
171 3661 316 3715 indicativo
336 3661 422 3713 «hon.
439 3671 497 3712 est»
515 3679 571 3712 non
589 3674 628 3712 est
672 3683 751 3730 casu,
757 3668 853 3736 junges
864 3664 1027 3718 substantivo
1032 3668 1119 3738 facie,
1128 3687 1176 3721 un—

128 3741 294 3806 haerendum,
311 3742 360 3792 etsi
375 3741 574 3791 convenientior
588 3740 629 3789 vl·
671 3743 707 3795 de
717 3743 842 3814 deinceps
852 3743 1008 3815 pendebunt
1018 3747 1139 3814 genitivi,
1150 3760 1176 3798 et

127 3818 241 3872 debatur
247 3820 441 3890 conjunctivus.
449 3815 539 3882 illum,
547 3835 630 3886 quum
675 3841 728 3894 quo
739 3823 831 3875 itidem
839 3826 968 3876 referetur
978 3824 1122 3876 miserabili.
1134 3825 1176 3877 Sic

131 3910 218 3950 tarum
226 3898 291 3949 ferri
301 3909 406 3969 posset,
418 3896 533 3968 praetulit
544 3896 579 3947 ob
592 3897 630 3946 ni·
674 3904 711 3969 ll,
727 3901 814 3968 15‚6,
820 3902 905 3973 facies
916 3900 1072 3954 miserabilis.
1085 3903 1143 3952 Jam
1155 3903 1176 3952 si
1214 3909 1217 3916 '

129 3977 630 4049 mismconjunctivonumfrequentiam.
674 3994 824 4032 contortam
828 3981 932 4051 judicas
941 3981 1177 4050 locutionem2pre·

132 4054 189 4108 Alia
200 4069 240 4109 est
251 4055 370 4108 conditio
382 4058 407 4124 S.
422 4057 463 4122 28.
675 4059 757 4110 mitur
767 4077 843 4109 causa
849 4059 922 4129 facie
934 4059 1060 4109 invidiosa
1072 4057 1178 4127 patroni

165 4133 191 4188 3.
201 4132 325 4208 Velqsia
340 4133 493 4191 sonuum.
502 4132 570 4193 vsu.
584 4133 631 4189 tib.
676 4153 709 4191 ex
715 4135 812 4190 diverso
818 4135 988 4202 consistentis,
997 4136 1177 4201 reminiscere,

240 4239 265 4278 a.
1022 4222 1040 4276 3
