2634 4822
242 394 569 465 INSTlTUTIONIS
587 394 716 460 ORAT.
735 395 816 459 LIB.
836 393 893 475 Ν,
917 418 944 460 r.
1076 416 1118 485 29

68 547 185 621 neque
208 521 270 593 diu
293 541 505 610 moraturos,
528 545 643 616 neque
664 539 756 590 extra
777 545 918 590 causam
944 518 1118 591 ¹dicturos

50 677 54 683 ·
70 636 285 725 existiment3
302 635 451 707 docilem
466 633 540 706 sine
556 632 664 705 dubio
680 654 714 705 et
728 633 802 705 haec
819 633 892 734 ipsa
912 655 1046 735 praestat
1065 654 1119 705 at·

69 751 177 823 tentio
186 780 196 839 ;
206 750 268 822 sed
280 771 314 821 et
325 749 431 839 illud,
445 749 474 821 si
488 748 637 820 breviter
648 769 682 819 et
695 748 845 820 dilucide
861 776 1039 821 summam
1053 749 1119 841 rei,

70 865 112 937 de
130 892 203 964 qua
223 891 429 962 cognoscere
445 863 590 953 debeat,
606 863 914 936 indicaverimus²z
931 865 1027 963 quod
1041 868 1120 939 Ho-

70 1004 188 1050 merus
212 999 315 1077 atque
337 976 504 1076 Virgilius
527 1003 675 1075 operum
696 1004 841 1049 suorum
866 979 1044 1078 principiis
1065 983 1121 1052 fa-

69 1091 176 1164 ciunt.
193 1095 285 1164 Nam
300 1090 396 1165 istius
408 1091 457 1162 rei
474 1088 624 1162 modus³
644 1111 709 1179 est,
723 1112 762 1162 ut
777 1092 1003 1191 propositioni
1019 1093 1120 1165 sirni-
1138 1107 1173 1162 35

68 1205 133 1278 lior
158 1207 222 1296 sit,
242 1233 350 1305 quam
370 1205 593 1304 eripositioni;
613 1233 678 1277 nec
703 1208 882 1304 quomodo
904 1207 1060 1306 quidque
1079 1211 1123 1284 sit

68 1341 206 1409 actum,
221 1320 281 1392 sed
294 1320 337 1392 de
352 1320 481 1418 quibus
496 1320 650 1391 dicturus
664 1320 707 1391 sit
721 1341 844 1409 orator,
860 1322 1038 1395 ostendat:
1055 1351 1120 1397 nec

67 1435 185 1526 video,
204 1434 300 1534 quod
311 1435 418 1536 hujus
434 1435 482 1506 rei
498 1435 603 1534 possit
615 1435 710 1533 apud
725 1457 873 1508 oratores
887 1439 1029 1536 reperiri
1042 1467 1122 1511 rne-
1150 1489 1153 1496 ι

68 1548 135 1621 lius
145 1548 367 1648 exemplum,
380 1575 489 1648 quarn
500 1549 677 1622 Ciceronis
689 1576 753 1648 pro
766 1551 807 1620 A.
822 1549 1021 1624 Cluentioi.
1038 1555 1122 1624 Ani·
1140 1571 1174 1624 36

69 1665 406 1762 maduerii,judices,
420 1689 557 1735 ornnem
571 1668 776 1736 accusatoris
785 1670 975 1737 orationem
990 1673 1024 1737 in
1040 1668 1124 1740 duos

69 1779 214 1851 divisam
228 1804 294 1850 esse
307 1794 438 1877 partes:
454 1805 601 1879 quorum
618 1778 726 1849 ultera
745 1776 831 1850 mihi
848 1785 911 1850 niti
928 1796 960 1851 et
979 1808 1124 1879 ntupno-

67 1920 149 1994 pere
168 1894 338 1995 confidere
356 1893 537 1966 videbatur
553 1895 683 1966 inuidia
695 1897 773 1993 jum
796 1899 981 1968 inueterata
995 1899 1123 1995 judicii

68 2009 233 2092 Juniuni;
247 2008 355 2079 altero
373 2009 607 2080 tantummodo
624 2009 874 2082 consuetudinis
888 2037 989 2082 causa
1007 2012 1138 2083 timide·

70 2139 103 2194 et
113 2123 309 2224 diffidenter
318 2129 484 2222 ottinpere
497 2129 662 2195 rationem
674 2124 829 2224 veneficii
844 2130 1042 2213 criminum,
1054 2154 1123 2227 quo

70 2239 112 2308 de
131 2265 168 2309 re
189 2236 261 2334 lepe
278 2254 324 2309 est
345 2235 417 2310 lroec
435 2244 576 2339 quoestio
596 2243 788 2310 constituta.
809 2237 848 2308 ld
869 2258 987 2310 tamen
1010 2260 1122 2311 totum

71 2347 294 2451 respondenti
311 2351 447 2423 facilius
469 2373 535 2443 est,
549 2379 657 2450 quarn
677 2351 926 2449 proponenti53
946 2352 1051 2451 quio6
1065 2353 1121 2425 hic

110 2536 132 2571 1.
152 2519 280 2573 Dicturos.
300 2524 358 2574 Pur.
377 2520 443 2574 cod.
464 2537 489 2574 et
505 2527 573 2575 Prat.
655 2521 679 2574 5.
698 2521 867 2594 Proponenti.
884 2523 972 2573 Turio.
992 2535 1018 2573 et
1034 2522 1122 2575 Guelf.

70 2598 153 2666 cot,
165 2600 323 2654 inducturos.
336 2603 382 2653 Eo.
616 2601 735 2672 ponenti,
744 2619 805 2652 cum
814 2600 881 2651 Alm.
890 2600 971 2652 Cnnr.
980 2600 1053 2653 Nihil
1060 2621 1124 2672 pine-

108 2697 133 2732 2.
146 2679 360 2733 Iudicauerimus.
372 2683 460 2733 Turio.
473 2681 575 2733 indica·
619 2679 678 2736 sidii
697 2692 736 2731 est
754 2682 782 2731 in
798 2679 849 2730 hac
866 2683 1010 2751 scriptura,
1028 2683 1048 2733 si
1065 2684 1123 2752 quis

70 2757 185 2829 rimus(o
192 2777 232 2830 pr.
241 2760 341 2832 manu),
349 2779 409 2812 curn
416 2761 484 2812 nim.
493 2761 573 2813 Goth.
618 2759 714 2811 haereat
731 2761 758 2810 in
771 2761 955 2831 proponendo,
972 2760 1044 2831 quod
1061 2780 1131 2832 pro-·

71 2838 144 2889 Jens.
155 2835 218 2906 (tac.
229 2838 322 2910 Gesn.)
331 2852 357 2890 et
369 2838 429 2890 edd.
441 2853 501 2891 ante
511 2838 573 2890 Bad.
619 2840 677 2908 prie
686 2837 765 2909 hujus
775 2837 828 2888 loci
837 2857 892 2889 non
899 2838 1011 2889 videtur.
1020 2842 1089 2891 Nam
1099 2852 1125 2890 et

20 2940 22 2943 v
73 2933 128 2986 qno
147 2933 204 2966 acc.
222 2915 281 2969 Ald.
301 2935 353 2969 sec.
373 2919 480 2969 Rectius
499 2930 574 2988 puto.
618 2934 716 2987 ponere
724 2915 821 2966 dicitur
830 2935 878 2986 pro
889 2916 1056 2986 exponendo,
1068 2937 1125 2969 nar-

71 2989 161 3044 Guelf.
182 3006 208 3044 et
226 2996 301 3046 Voss.
321 2995 352 3061 3,
370 2995 524 3047 indicamus.
541 3025 577 3033 —
622 2989 797 3058 rando,velnt
806 2997 850 3060 lV,
860 3012 888 3061 2,
900 2995 947 3061 86,
956 2995 1029 3065 quod
1038 2998 1125 3067 ipsum

72 3072 146 3124 Avic.
161 3074 220 3124 Put.
235 3071 302 3124 vall.
320 3073 366 3125 lib.
383 3076 436 3126 nit.
453 3075 483 3139 3,
501 3073 530 3138 5,
545 3075 577 3136 8,
621 3072 683 3125 hinc
692 3087 731 3124 est
740 3074 953 3125 alienum-De
961 3093 992 3125 ea
1000 3077 1124 3126 varietate

73 3169 107 3221 9,
123 3149 258 3218 10,Ald.,
271 3153 456 3218 indicavimus,
470 3172 525 3205 non
538 3154 577 3203 in·
622 3153 706 3203 nostri
716 3151 801 3203 silent.
815 3155 860 3204 En.
874 3181 910 3190 -
922 3154 1096 3223 Proponenti,
1107 3156 1123 3204 i⁴

17 3249 19 3253 ’
73 3230 226 3295 dicasimus,
240 3244 269 3281 ut
278 3230 331 3283 hoc
340 3231 402 3284 loco
412 3235 502 3304 posuit
507 3237 538 3286 V.
548 3234 577 3285 C.
623 3248 646 3281 e.
658 3231 731 3300 prius
741 3231 838 3298 agenti.
849 3230 906 3280 Hoc
917 3232 987 3281 enirn
997 3231 1064 3282 solet
1073 3248 1126 3283 res-

76 3309 213 3382 Spalding.
227 3313 272 3362 En.
623 3306 768 3378 pondendo
782 3309 883 3379 opponi
894 3307 967 3359 velut
979 3311 1022 3374 iV,
1037 3327 1065 3376 2,
1080 3311 1126 3372 28;

111 3389 136 3441 3.
144 3389 350 3443 Nam...modus.
359 3390 579 3463 Conjnnctionem
623 3391 656 3453 V,
672 3388 717 3452 13,
732 3404 754 3437 n.
769 3387 875 3457 Alioqui
886 3405 1036 3458 proponere
1049 3401 1089 3439 est
1100 3388 1128 3439 il-

74 3466 145 3518 refer
156 3464 192 3517 ad
206 3465 339 3520 «breviter
348 3494 372 3536 ι,
386 3483 413 3522 et
424 3470 530 3521 modum
543 3472 581 3521 in·
624 3465 675 3516 lius
686 3467 731 3535 qui
740 3464 832 3516 indicit
841 3483 897 3534 quae
905 3468 1013 3536 jamjam
1024 3468 1056 3517 sit
1066 3486 1128 3538 pro-

74 3544 164 3614 tellige
173 3562 332 3598 mensuram.
342 3549 382 3600 De
390 3549 578 3620 propositione,
624 3544 734 3595 baturus
739 3542 809 3613 (vide
817 3542 897 3594 modo
903 3543 1125 3613 propositionem).

75 3621 136 3674 vide
148 3621 194 3674 lib.
207 3625 255 3689 111,
268 3642 326 3695 cap.
340 3642 371 3694 9,
383 3627 406 3694 ς.
420 3626 445 3678 5.
624 3620 676 3676 Sed
691 3621 744 3673 hoc
761 3623 849 3693 ipsum
863 3621 932 3674 illius
947 3624 1058 3674 maxime
1073 3636 1128 3690 est,

111 3701 138 3767 4.
152 3701 204 3751 Pro
216 3701 249 3752 A.
267 3701 394 3754 Cluentio.
409 3704 542 3757 Omittunt
555 3701 580 3754 A
627 3703 672 3772 qui
685 3702 758 3772 prior
770 3699 842 3752 dicit.
856 3701 930 3752 Alter
940 3703 1035 3772 prioris
1049 3720 1128 3771 argu-

75 3777 165 3831 Guelf.
175 3777 256 3831 Goth.
268 3793 295 3832 et
304 3778 364 3835 edd.
376 3798 439 3832 mere
450 3794 510 3832 ante
520 3779 579 3832 Ald.
625 3793 714 3831 menta
731 3779 855 3832 convellit
868 3782 972 3850 potius,
988 3798 1067 3850 quarn
1081 3799 1129 3832 sna

77 3874 185 3922 omnes,
194 3875 248 3926 quo
256 3875 312 3908 acc.
323 3858 387 3909 Bad.
398 3861 472 3911 Cerv.
480 3857 579 3931 Gryph.
625 3859 761 3929 proponit.

76 3965 113 3975 -
124 3936 257 3989 Ominum
271 3939 369 4007 pariter
382 3941 440 3991 Put.
451 3936 518 3990 Vall.
534 3936 579 3988 lib.
661 3937 686 3989 6.
700 3938 768 4006 Quia
778 3934 828 3986 hic.
836 3934 877 3986 nh
888 3954 920 3987 eo
932 3937 977 4006 qui
986 3938 1128 4008 proponit,

77 4013 132 4065 itit.
143 4031 220 4085 7-12,
230 4015 310 4066 cm.
321 4015 402 4067 Andr.
414 4017 581 4068 utensile·
623 4014 705 4086 judex
724 4013 861 4066 docendus
881 4028 934 4080 est,
950 4017 1011 4084 quia
1029 4033 1070 4064 res
1089 4027 1129 4065 est

79 4089 144 4144 bent
154 4093 194 4159 A,
207 4094 281 4146 nvic.
294 4093 369 4147 Poul.
383 4107 410 4146 et
420 4093 480 4147 nid.
494 4096 539 4146 Eo.
626 4113 710 4148 nova:
730 4093 764 4147 ab
782 4111 814 4146 eo
832 4095 878 4165 qui
895 4093 1053 4166 respondet,
1069 4111 1128 4144 mo·
