2634 4822
187 448 208 525 a
472 443 947 530 nrantroumrmaut

185 588 259 645 non
280 569 395 644 solum
415 567 519 641 initiis
540 596 687 667 operum
708 597 852 642 suorum
872 574 991 643 Musas
1011 567 1232 666 invocarent,

93 737 99 745 -
184 686 245 759 sed
257 685 408 784 provecti
422 711 563 784 quoque
575 683 730 783 longius,
743 711 856 783 quum
871 685 915 756 ad
930 686 1084 785 aliquem
1100 687 1233 784 gravio-

183 825 259 873 rem
281 800 456 872 venissent
476 799 615 889 locum,
641 819 833 898 repeterent
849 814 948 871 vota¹
972 821 1006 873 et
1027 800 1122 873 velut
1142 829 1233 874 nova

81 901 83 905 ¹
149 933 165 988 5
184 917 382 1014 precatione
397 936 593 1005 uterentur;
611 916 697 987 mihi
716 942 856 1015 quoque
871 918 1024 1015 profecto
1041 917 1166 1017 poterit
1178 918 1233 1016 ig-

184 1031 298 1122 nosci,
311 1031 355 1122 si,
369 1030 464 1130 quod
477 1029 513 1101 in
526 1030 623 1102 initio
633 1044 660 1122 ²,
675 1057 745 1129 quo
758 1029 937 1129 primum3
949 1033 1039 1103 hanc
1051 1031 1233 1104 materiam

182 1145 360 1234 inchoavi,
375 1173 447 1216 non
462 1146 614 1218 feceram
621 1143 650 1236 4,
665 1168 760 1217 nunc
776 1173 899 1218 omnes
914 1145 950 1217 in
965 1145 1134 1218 auxilium
1150 1147 1233 1218 deos

91 1335 94 1342 ,
181 1259 369 1358 ipsumque
383 1260 557 1358 inprimis,
569 1288 639 1360 quo
651 1287 765 1360 neque
778 1261 979 1361 praesentius
991 1260 1103 1350 aliud,
1116 1286 1233 1360 neque

182 1375 305 1453 studiis
315 1374 426 1475 magis
435 1373 639 1475 proprium⁵
652 1402 787 1448 numen
798 1396 863 1466 est,
872 1377 1048 1465 invocem3
1062 1395 1111 1465 ut,
1123 1400 1233 1473 quan·

141 1535 148 1543 ”
222 1561 245 1597 1.
256 1545 636 1617 Repeterentoota.Videlliad.
648 1548 684 1612 Π,
728 1548 782 1598 rius
797 1558 864 1618 puto
880 1563 949 1619 qno,
966 1557 997 1597 ut
1011 1546 1097 1596 minus
1110 1547 1234 1616 jejunum

182 1622 684 1694 485,761;xt,218;x1v,508;xvt,
729 1626 844 1695 quamsi
859 1624 964 1676 initium
979 1621 1163 1674 animadvertit
1174 1641 1234 1674 esse

158 1707 160 1713 '
185 1702 684 1774 1123AEneid.V1,64131X,77;X,1o3.
729 1716 800 1769 tum,
813 1721 896 1773 quum
909 1702 1004 1772 aliquis
1016 1699 1129 1751 inchoat.
1146 1701 1234 1752 Etiam

219 1799 244 1833 2.
265 1781 299 1832 1η
321 1781 403 1833 initio.
426 1783 468 1834 Sic
488 1783 576 1834 Turic.
597 1801 613 1838 a
631 1801 683 1834 sec.
729 1780 772 1833 hic
784 1780 919 1832 robustior
928 1780 958 1831 fit
967 1779 1096 1831 sententia
1107 1779 1127 1828 si
1138 1777 1172 1829 ad
1183 1777 1236 1829 inii

181 1879 262 1912 manu
280 1859 379 1932 (quum
396 1863 481 1933 prima
499 1860 616 1915 dedisset
634 1861 686 1912 ini·
730 1861 796 1911 tium
809 1862 954 1929 cogitamus
965 1857 998 1910 de
1007 1860 1065 1929 ipso
1076 1855 1235 1925 Quintiliani

183 1938 264 2003 tium,
278 1958 339 1990 cum
352 1938 434 2010 Arm.)
447 1953 473 1991 et
486 1941 557 1991 Jens.
571 1938 685 2011 (tacente
728 1940 871 2010 prooemio,
893 1937 939 1989 ubi
959 1955 1012 2009 quo
1033 1937 1233 1987 convenientius

182 2017 274 2088 Gesn.)
287 2019 363 2069 Tarv.
380 2019 443 2070 Loc.
461 2020 539 2070 Ruso.
556 2018 616 2071 Ald.
633 2032 684 2071 utr.
731 2035 788 2069 esse
799 2028 878 2088 quam
887 2035 968 2090 quum
978 2015 1056 2068 facile
1066 2028 1188 2089 apparet:
1200 2014 1234 2067 de

182 2096 275 2147 Caeteri
289 2099 414 2147 omittunt
428 2097 464 2146 in.
480 2096 531 2148 Sed
545 2100 632 2168 aptius
645 2100 685 2150 vi·
730 2114 782 2169 qno
793 2109 819 2149 et
831 2115 913 2169 quum
924 2095 984 2147 vide
996 2098 1031 2161 Π,
1046 2092 1087 2160 15,
1098 2092 1124 2145 6.
1136 2096 1234 2146 Fateor

182 2171 261 2224 detur
271 2175 336 2244 poni
346 2173 386 2239 id,
395 2176 520 2243 quoniam
530 2175 634 2226 initium
641 2175 685 2227 hio
731 2189 833 2242 autem,
843 2177 865 2228 si
874 2189 944 2227 recte
954 2174 1061 2226 collatio
1070 2174 1158 2226 Turio.
1169 2191 1234 2245 pos·

183 2249 248 2303 dicit
258 2270 308 2322 pro
318 2254 443 2324 prooemio
458 2256 498 2306 sui
513 2256 617 2326 operis,
631 2274 686 2308 non
731 2257 811 2307 terior
822 2257 933 2306 tacuerit
944 2246 1096 2305 uatietatem
1106 2251 1189 2318 cod,
1204 2265 1234 2303 ut

184 2332 276 2400 quovis
286 2331 369 2382 initio.
380 2333 419 2382 Ita
429 2333 510 2384 satius
518 2334 598 2384 fuerit
608 2336 686 2385 etiam
731 2332 803 2386 credi
813 2337 898 2405 possit
909 2337 931 2385 is
943 2333 1006 2384 dare
1015 2352 1095 2405 quum
1107 2350 1147 2402 pr.
1159 2330 1235 2401 (qua-

182 2409 264 2461 modo
281 2407 321 2480 (§.
339 2411 372 2481 4)
386 2411 420 2462 ad
434 2433 445 2455 u
456 2411 536 2463 initiis
551 2431 683 2484 operum»
731 2411 763 2463 lis
778 2425 804 2463 et
817 2412 885 2465 Alm.
899 2413 1028 2482 scriptura
1039 2409 1153 2482 videtur)
1164 2429 1233 2483 prae·

182 2489 262 2540 inseri
272 2489 313 2553 in,
326 2507 485 2559 quamquam
494 2491 521 2540 in
531 2491 599 2541 libro
611 2491 685 2543 nullo
731 2491 800 2541 ferre
812 2509 855 2542 me
866 2491 977 2560 primam
988 2489 1060 2539 illam
1071 2490 1159 2539 Turio.
1174 2506 1233 2539 ma·

182 2565 286 2635 legitur.
295 2567 360 2619 Vide
370 2570 394 2633 1,
405 2565 426 2637 §.
439 2565 469 2620 5:
486 2569 569 2640 aquia
582 2569 663 2621 initiis
672 2593 683 2615 n
731 2586 795 2620 num
807 2568 877 2638 quod
888 2566 930 2636 (id
943 2581 996 2632 est,
1005 2566 1098 2636 quale)
1111 2566 1232 2631 initium,

183 2643 231 2695 ubi
243 2643 344 2695 addunt
356 2645 382 2694 in
394 2647 466 2698 Jens.
480 2645 543 2716 (tac.
556 2645 649 2717 Gesu.)
660 2658 686 2697 et
730 2663 813 2716 quum
825 2662 866 2715 pr.
878 2672 914 2685 --
925 2646 1014 2696 Nostri
1026 2644 1109 2696 Codd.
1123 2663 1233 2710 omnes,

184 2739 276 2772 omnes
298 2735 358 2774 ante
378 2723 478 2796 Gryph.
500 2744 573 2776 meae.
596 2722 686 2775 Codex
731 2721 872 2773 duodecim
882 2721 1233 2794 numer0,habentquopri·

184 2801 304 2872 quidem,
317 2802 390 2872 quod
402 2805 497 2868 sciam,
509 2803 606 2854 nullus.
619 2800 686 2854 Vide
731 2819 813 2851 mum.
826 2799 874 2852 Ed.
885 2802 964 2852 Cane.
976 2814 1002 2852 et
1011 2800 1107 2867 Andr„
1117 2818 1170 2872 quo
1180 2800 1234 2872 pri·

182 2892 270 2932 tamen
281 2881 349 2933 dein
361 2883 436 2933 initio
446 2880 578 2934 Drakenb.
589 2880 623 2931 ad
630 2881 684 2931 Liv.
731 2896 803 2928 mnm
812 2877 949 2929 hanamat.
961 2880 1034 2931 Care.
1045 2892 1071 2930 et
1081 2878 1122 2930 ed.
1133 2878 1232 2945 Haclu,

181 2963 226 3028 tv,
239 2978 265 3030 7,
280 2979 319 3013 11.
333 2960 456 3014 Oudend.
472 2959 506 3012 ad
520 2961 591 3012 Suet.
606 2961 686 3025 Caes,
729 2958 937 3028 quamprimum
949 2969 1011 3009 mat.
1024 2960 1070 3008 Eu.

181 3058 205 3092 c.
226 3040 256 3106 4,
274 3043 320 3111 qui
337 3041 364 3090 in
383 3038 552 3111 proscribunt
569 3038 633 3088 ferez
650 3067 686 3076 —
765 3036 790 3102 4.
803 3037 930 3089 Feceram.
944 3037 985 3089 Sic
994 3037 1129 3088 Turicens.
1141 3035 1231 3088 Guelf.

183 3119 250 3172 Vall.
270 3118 316 3170 lili.
335 3120 389 3169 RR.
411 3135 438 3180 1,
456 3134 488 3182 2,
507 3115 540 3182 4,
559 3116 640 3181 8·12,
659 3128 685 3167 et
730 3113 809 3165 Goth.
819 3114 969 3167 Almvoss.
984 3132 1006 3179 r,
1019 3113 1148 3180 2,etedd.
1157 3113 1233 3186 (prae-

182 3199 278 3263 Caua,
293 3195 376 3247 initio.
389 3195 462 3246 Avic.
477 3197 534 3245 Put.
545 3193 619 3245 Poul.
629 3196 684 3246 RR.
729 3206 769 3244 ter
782 3193 885 3265 Camp.)
901 3207 962 3244 ante
976 3192 1074 3264 Gryph.
1092 3211 1154 3244 mete
1172 3212 1232 3244 orn·

182 3277 216 3343 3,
233 3276 265 3341 5,
282 3288 308 3326 et
322 3293 364 3344 ap.
380 3275 467 3325 Burm-
484 3273 513 3324 C.
526 3275 557 3325 V.
573 3272 684 3339 armet,
728 3290 784 3324 nes.
796 3272 894 3324 Probat
904 3272 1049 3337 Gesnerus,
1061 3270 1108 3323 sed
1121 3275 1232 3324 servavit

181 3355 296 3406 initium.
310 3357 355 3405 lio.
727 3353 904 3405 recentiorum
917 3351 1035 3421 fecen'm.
1053 3378 1088 3390 —-
1104 3351 1184 3401 Cane.
1203 3363 1230 3402 et

217 3433 243 3486 3.
261 3432 317 3500 Quo
331 3429 454 3501 primum.
470 3428 607 3482 ltaGuelf.
623 3430 684 3501 (nisi
727 3430 826 3496 Andr,
843 3430 962 3501 fecerim.
980 3431 1052 3481 Avic.
1074 3432 1132 3480 Put.
1151 3431 1227 3481 Poul.

182 3510 255 3583 quod
267 3527 292 3582 q.
304 3507 400 3581 primo)
409 3512 496 3561 Turio.
507 3508 550 3579 (ex
559 3529 599 3581 pr.
610 3509 684 3581 coll.)
726 3511 794 3564 vall.
807 3511 852 3562 lib.
865 3512 918 3562 RR.
929 3510 959 3574 3,
970 3507 1000 3574 5,
1014 3525 1093 3578 7-12,
1100 3509 1227 3580 feceram.

180 3592 276 3642 Joann.
287 3588 341 3640 Bal.
349 3590 426 3640 Voss.
441 3605 464 3654 1,
475 3589 589 3654 3,Bem.
600 3589 679 3641 Goth.
726 3589 830 3640 Phrasis
845 3587 924 3660 hujus
941 3606 1002 3658 pars
1018 3591 1054 3639 ita
1069 3588 1173 3640 videtur
1187 3587 1227 3639 le·

180 3664 680 3741 Camp.Jens.(tac,Gesn.)cumAndr.
725 3667 825 3738 genda:
843 3666 950 3738 siquod
966 3666 1057 3730 initio,
1074 3683 1155 3737 quum
1171 3665 1228 3737 pri-

182 3759 209 3800 et
218 3749 282 3800 meis
293 3760 352 3798 ante
362 3747 509 3820 Gryphium
522 3766 577 3799 exc.
588 3752 680 3800 Vener.
725 3765 798 3797 mum
806 3746 874 3797 hanc
883 3746 1018 3797 materiam
1029 3742 1162 3808 inchoavi,
1171 3762 1226 3796 non

181 3824 244 3879 Bad.
258 3827 331 3879 Cerv.
344 3828 388 3878 Hae
401 3828 543 3878 enimcum
556 3841 681 3894 recentt,
720 3822 838 3897 fecerim.
851 3828 897 3877 En.

181 3922 262 3978 quum
281 3906 412 3976 primum,
433 3906 505 3976 qnod
523 3907 680 3977 corrigendo
762 3902 786 3956 5
794 3904 941 3975 Proprium
950 3901 1080 3954 Ita'l'uric.
1088 3898 1144 3971 (alt.
1153 3899 1229 3970 coll.)

180 3986 278 4038 invexit
292 3987 403 4054 Regius,
418 3985 581 4057 obsequente
597 3989 680 4059 prima
724 4003 786 4037 cum
799 3984 866 4036 Alm.
880 3981 959 4035 Goth.
969 3986 1047 4034 Voss.
1062 3998 1091 4047 2,
1103 3981 1134 4046 3,
1148 3983 1223 4032 Bern.

177 4066 280 4115 'Veneta
297 4062 367 4132 (vide
384 4077 474 4116 notam
492 4066 563 4131 adt,
580 4065 613 4131 6,
631 4066 680 4131 26,
724 4078 751 4116 et
767 4063 827 4116 edd
844 4063 976 4133 (dedens.
990 4075 1040 4112 tac.
1053 4062 1132 4113 Gesn.
1139 4059 1149 4132 )
1163 4073 1225 4111 ante

180 4139 284 4194 nulla...
298 4143 680 4216 anproednm).Lqu1demve
724 4142 784 4196 Atd
798 4130 1166 4209 omnibusmers,erc.'1'arv.
1180 4142 1226 4192 na
