2634 4822
256 413 582 486 INSTITUTIONlS
599 417 728 483 ORAT.
748 419 829 484 ΜΒ.
848 421 905 496 Ν,
929 443 956 483 r.
1089 418 1129 484 25

87 561 160 613 tura
174 539 352 626 dicantur;
370 538 431 611 sed
447 538 544 637 quod
559 537 596 609 in
615 538 770 637 ingressu
787 539 925 637 parcius
941 559 976 612 et
988 537 1131 611 modes·
1156 544 1159 550 '

87 654 152 726 tius
170 654 409 752 praeoentanda
427 667 499 724 est¹
517 651 645 753 judicis
666 653 917 744 misericordia3
937 654 974 725 in
992 653 1131 752 epilogo

86 796 163 840 vero
175 769 280 841 liceat
291 789 378 841 totos
391 768 574 840 effundere
586 769 746 860 affectus,
760 789 795 842 et
805 771 923 842 fictam
938 769 1131 842 orationem

86 883 229 956 induere
244 883 418 982 personis,
436 902 471 955 et
481 883 663 955 defunctos
677 884 839 974 excitare,
855 904 889 957 et
903 883 1051 984 pignora
1069 910 1131 974 eo-¹

84 1029 168 1088 σίθος·
188 1030 242 1086 coris
262 1029 288 1082 dl
305 1031 430 1098 iaeudyo've
446 1029 462 1082 ti
478 1032 557 1097 adfati
573 1031 588 1084 e*
631 1034 782 1105 temptanda
793 1032 1130 1100 est,cumAl1n.etGirtr.

80 1113 155 1178 μειοῦν
167 1110 212 1164 ud
221 1112 267 1164 coit
278 1111 419 1176 ispanias,
428 1108 456 1162 'ro'
465 1110 515 1182 (sic
525 1111 585 1181 lego
632 1116 783 1184 quitamen
799 1125 908 1187 perient.
929 1112 981 1166 Sed
998 1112 1041 1164 hic
1059 1130 1132 1164 error

81 1211 127 1263 pro
139 1191 185 1262 τῇ)
195 1210 222 1242 τι
234 1191 275 1242 io·
288 1189 362 1244 φίλιον
374 1190 480 1258 ι’ξιίμιν.
493 1193 523 1242 ln
534 1188 586 1242 hac
631 1207 670 1245 est
685 1194 849 1264 frequentior
865 1211 944 1263 quam
960 1194 987 1242 in
1004 1210 1057 1261 quo
1075 1190 1130 1243 hae-

81 1284 169 1323 nostra
191 1283 331 1321 auctorum
351 1268 432 1340 hujus
453 1271 586 1340 opinionis
630 1291 697 1324 reas.
710 1273 799 1325 Altera
810 1275 879 1325 inest
889 1270 999 1336 menda,
1011 1289 1063 1341 qua
1076 1270 1133 1321 nul·

80 1351 242 1419 ignorantia,
252 1352 309 1420 ipsa
320 1366 428 1420 quoque
436 1347 521 1420 qualis
530 1349 586 1400 fue·
630 1353 671 1404 lus
688 1371 808 1404 meorum
823 1351 889 1403 liber
906 1365 989 1416 caret,
1007 1350 1080 1421 quod
1096 1360 1133 1403 est

81 1431 127 1495 rit,
147 1442 238 1501 potest
260 1428 382 1480 dubitari·
405 1429 432 1480 Si
449 1426 583 1496 vulgarem
629 1431 733 1500 legitur,
751 1449 800 1502 pro
821 1448 873 1499 quo
895 1431 961 1480 ratio
983 1431 1069 1501 poscit
1090 1429 1129 1480 sit.

81 1508 225 1580 usurpandi
248 1509 408 1579 pronomina
429 1506 471 1558 hic
492 1520 517 1558 et
539 1504 585 1558 itte
629 1512 695 1578 Quis
707 1511 776 1561 enim
788 1511 869 1561 ferat:
885 1531 896 1553 α
906 1527 961 1559 non
973 1526 1031 1560 sum
1043 1510 1070 1559 in
1080 1507 1130 1559 hoc

80 1588 196 1658 regulam
218 1591 362 1658 sequimur,
382 1585 524 1637 voluerunt
545 1587 583 1652 ii,
632 1587 1131 1660 aopinione,uteodistareprooemium

81 1687 145 1739 qnos
160 1668 295 1759 improbat
311 1669 420 1735 Quinc,
434 1667 460 1715 in
476 1664 583 1736 epilogo
608 1682 610 1684 ’
631 1668 772 1734 «credam,
790 1667 862 1738 quod
865 1705 928 1717 .....
942 1666 1072 1732 dicautur,
1083 1664 1130 1718 sed

77 1748 219 1817 preterita,
231 1747 400 1817 inprooemio
408 1742 582 1815 suturudioi3
632 1744 726 1816 iquod
737 1744 918 1817 praetentanda
931 1743 1021 1815 θείω)
1024 1783 1087 1796 .....
1103 1747 1131 1796 in

80 1838 103 1876 et
121 1827 158 1876 ita
175 1827 279 1897 accepit
296 1824 352 1875 haec
369 1822 448 1874 verba
465 1820 641 1873 Pseudo-a
630 1827 759 1897 «epilogo
777 1845 839 1878 vero
861 1824 974 1877 licenti»
995 1826 1021 1877 si
1042 1825 1130 1890 forte,

79 1903 225 1956 Turnebus
253 1907 347 1973 Neque
374 1915 462 1952 tamen
487 1913 582 1970 sponte
628 1905 716 1982 quod
710 1924 797 1977 ipsum
807 1925 834 1957 tn
844 1889 1080 1974 orauoneobliqua
1090 1901 1133 1971 (ut

79 1984 135 2052 quis
161 1983 241 2034 talem
264 1982 480 2033 comminiscetur
501 1979 583 2029 ratio·
627 1983 747 2054 credam)
765 1986 852 2035 minus
870 1983 977 2074 placet,
992 1995 1054 2054 post
1072 1982 1129 2046 sed,

78 2080 146 2112 nem.
162 2061 212 2112 Si
204 2080 233 2112 in
248 2063 378 2132 prooemio
395 2040 526 2110 ritovenda
543 2071 583 2109 est
628 2064 753 2131 quoniam
774 2080 849 2115 suam
869 2064 952 2134 ipsius
972 2063 1130 2114 sententiam
1163 2083 1176 2091 ·

77 2141 227 2205 miseratio
249 2141 373 2190 convenit
392 2138 534 2229 profecto,
554 2151 583 2188 ut
626 2143 737 2210 promit
747 2141 889 2192 indicativo
902 2158 965 2192 usus
975 2152 1014 2191 est
1023 2141 1131 2207 Quint

76 2216 131 2268 haec
148 2231 255 2288 petatur
270 2217 304 2268 ab
321 2235 411 2268 earum
427 2218 582 2287 injuriarum
627 2239 675 2270 cur
686 2223 807 2291 protinus
819 2223 846 2272 in
857 2224 1056 2290 conjunctivum
1065 2218 1131 2270 rela-

77 2295 282 2364 significatione,
293 2294 389 2365 quibus
399 2296 544 2363 exagitatus
554 2296 582 2345 in
626 2298 712 2350 bitur:
724 2298 807 2351 liceat.
818 2299 1129 2368 Malimigiturrefingere

74 2374 205 2445 judicium
219 2377 290 2426 venit
304 2375 433 2443 litigator;
447 2392 504 2443 quae
519 2391 580 2423 vero
605 2423 607 2429 s
626 2378 673 2441 sit,
688 2395 767 2446 quam
779 2376 847 2428 licet.
864 2380 958 2446 Neque
973 2375 1039 2427 adeo
1054 2379 1128 2427 inau-

77 2468 185 2505 manent
195 2473 269 2520 eum,
279 2457 301 2506 si
310 2474 417 2506 causam
427 2473 482 2505 non
491 2468 583 2505 tenue·
626 2453 712 2506 ditum
726 2469 782 2521 est,
796 2454 925 2506 confundi
940 2473 955 2505 a
969 2455 1079 2505 librariis
1094 2465 1131 2506 est

76 2534 122 2598 rit,
135 2533 318 2599 incommoda,
335 2552 380 2599 ea,
396 2546 458 2604 post
475 2533 581 2603 exposi·
627 2547 652 2584 et
663 2534 703 2584 sit.
714 2532 781 2585 Vide
792 2536 842 2600 lli,
856 2535 888 2599 8,
902 2550 951 2599 aa,
964 2532 1067 2596 ubisit,
1082 2551 1128 2584 ex·

76 2625 130 2663 tam
144 2613 230 2678 litem,
242 2612 377 2684 judicibus
391 2613 471 2681 longe
483 2612 579 2664 clarius
627 2613 748 2682 quisitior
764 2614 908 2684 scriptura,
925 2611 958 2663 ab
975 2630 1029 2663 uno
1045 2611 1128 2664 Guel-

75 2704 188 2760 possunt
198 2692 234 2741 ob
242 2691 335 2742 oculos
345 2693 410 2761 poni
420 2692 447 2740 in
458 2689 579 2760 epilogo,
624 2691 764 2763 ferbytano
786 2704 826 2743 est
847 2704 977 2743 mutatum
994 2692 1129 2762 pinguiori

77 2769 473 2842 etsicCassiodorusapudPith.
483 2770 578 2840 p.3331.
623 2769 669 2819 illo
684 2780 728 2822 est.
743 2771 787 2836 IV,
805 2787 832 2835 1,
848 2768 895 2835 52,
910 2769 959 2820 dic.
974 2769 1014 2822 sit.
1029 2769 1127 2836 Goth,

76 2852 170 2920 Neque
186 2851 292 2902 obstant
307 2870 354 2916 ea,
368 2850 401 2902 de
416 2842 511 2920 qitilrus
526 2850 580 2902 dixi
624 2847 650 2898 d.
668 2858 705 2899 est
718 2846 780 2917 (tac.
797 2848 897 2917 Gesn.).
915 2852 959 2915 Ν,
973 2865 1001 2913 n,
1016 2866 1057 2918 ap,
1072 2848 1125 2920 def.

76 2931 247 2998 pronomina;
263 2929 289 2979 in
303 2929 351 2980 loc
363 2928 396 2980 ad
408 2928 579 3000 p'rooemium,
624 2937 666 2977 est.
678 2929 782 2992 Turio,
794 2927 835 2978 sit.
850 2929 895 2991 Ν,
912 2944 942 2992 a,
957 2926 1007 2992 46,
1021 2926 1127 2993 Guelfi,

27 3051 31 3064 ,
76 3008 124 3057 etsi
131 3008 268 3071 remotius,
276 3009 375 3078 optime
383 3008 505 3072 refertur,
513 3025 579 3076 quo·
623 3004 724 3056 etiamsi
741 3006 774 3057 sit
791 3003 863 3068 rell,
877 3024 899 3055 e.
917 3015 959 3056 est.
972 3008 1022 3069 Vl,
1039 3005 1069 3070 3,
1082 3005 1126 3075 37,

75 3085 146 3136 niam
162 3083 190 3135 id
206 3087 293 3155 ipsum
310 3098 365 3150 est,
383 3084 455 3155 quod
471 3087 578 3156 proprie
622 3101 672 3135 sev.
683 3095 726 3136 est.
740 3083 940 3149 Editi,sit.Vll,
955 3101 1017 3152 r,9,
1027 3083 1125 3135 dictum

75 3181 146 3213 nunc
154 3175 291 3227 tractatur,
299 3163 326 3212 in
335 3160 381 3213 illo
389 3162 422 3213 ad
430 3163 578 3233 epilogum,
622 3162 662 3213 sit.
678 3162 764 3214 Guelf.
777 3161 856 3214 Goth.
870 3162 966 3227 Gran,
978 3162 1003 3212 d.
1016 3172 1060 3213 est.
1073 3165 1126 3215 lle·

76 3241 121 3310 qui
131 3241 197 3290 foris
210 3242 350 3292 arcessitur
361 3240 395 3291 ad
405 3240 475 3298 hanc
488 3239 579 3311 dispu-
622 3240 688 3312 liqui
701 3256 802 3295 veteres
817 3241 999 3313 omittuntur,
1013 3261 1029 3292 a
1043 3242 1124 3294 Badio

74 3321 219 3385 tationem,
237 3318 386 3371 illustrandi
405 3339 493 3371 causa.
511 3320 578 3373 Vide
622 3320 683 3371 inde
693 3333 800 3392 recepta
810 3318 991 3388 obtinet,quae
999 3337 1062 3371 sane
1071 3319 1126 3390 pla-

74 3397 108 3448 ad
119 3400 169 3463 111,
184 3415 229 3462 ro,
245 3414 268 3463 1,
280 3411 306 3449 et
320 3416 382 3449 mox
394 3397 416 3468 §
430 3399 481 3465 36,
496 3397 576 3450 hie...
623 3414 678 3465 cet,
692 3419 779 3471 neque
794 3402 866 3450 omni
877 3398 943 3452 Cod.
958 3413 1065 3451 auctore
1078 3419 1124 3458 ca-

72 3475 144 3534 illic,
164 3477 332 3527 manifestum
351 3479 470 3548 inprimis
488 3496 576 3529 exem·
623 3492 670 3530 ret.
680 3481 740 3544 Vll,
759 3478 936 3544 2,18,si....
954 3479 1124 3550 manifestum

71 3556 155 3626 plum.
164 3555 231 3607 Vide
239 3559 289 3622 Vl,
303 3574 325 3621 1,
335 3575 360 3625 9.
370 3559 492 3609 Occurrit
499 3559 578 3626 igitur
623 3568 665 3606 cst.
675 3555 761 3607 Guelf.
770 3555 849 3610 Goth.
858 3554 919 3625 (tac.
928 3554 1020 3626 Geso.)
1028 3557 1124 3623 Certo,

72 3636 165 3702 Quint.
177 3636 215 3699 ei,
224 3636 389 3705 quicunque,
397 3634 470 3704 quod
478 3637 578 3705 passuri
622 3638 669 3687 si...
682 3637 716 3687 sit
726 3635 762 3706 (et
775 3640 811 3688 sic
823 3638 973 3688 necessario
987 3636 1066 3687 scribi
1078 3636 1125 3687 do·

73 3716 169 3778 simus,
186 3715 214 3764 in
230 3715 359 3784 prooemio
377 3715 429 3764 (lici
443 3727 529 3780 vetet,
546 3734 578 3764 ex
622 3729 677 3781 eet,
695 3716 767 3786 quod
785 3717 813 3767 in
832 3715 924 3767 eadem
943 3717 1063 3767 oratione
1082 3735 1123 3768 se-

72 3791 230 3862 pervnlgato
252 3792 298 3842 illo
321 3806 462 3863 praecepto.
486 3795 527 3846 sic
551 3807 577 3844 et
623 3796 719 3862 quitur,
730 3794 821 3865 neget).
830 3794 1123 3866 Reliquimeiest,prre-

72 3890 135 3922 mox
145 3869 182 3940 (S.
195 3869 254 3941 29):
270 3894 281 3916 α
291 3872 481 3935 miserabilem,
493 3876 514 3923 si
525 3876 577 3924 vin²
622 3873 729 3927 terObr.
738 3877 903 3926 omittentem
909 3875 930 3926 si
937 3874 1035 3944 (minus
1043 3874 1122 3944 bene)

74 3971 86 3994 a
97 3969 199 4014 camur,
211 3953 309 4002 exitum
320 3975 330 3998 n
346 3955 391 4021 qui
404 3965 443 4004 est
454 3955 575 4020 futurus,
621 3967 646 4004 et
656 3952 763 4004 dantem
773 3954 818 4017 sit,
828 3956 903 4024 quasi
912 3953 1030 4024 pendens
1041 3953 1074 4002 ab
1083 3964 1119 4003 ut.

71 4041 211 4080 memorat.
218 4029 285 4081 Vide
297 4031 345 4095 Vl,
361 4047 384 4096 r,
398 4031 439 4081 23.
620 4031 686 4084 Vide
700 4031 823 4086 Oudend.
841 4033 875 4084 ad
891 4034 961 4086 Suet.
976 4031 1057 4100 Calig.
1073 4030 1120 4096 50,

111 4123 133 4157 r.
146 4108 337 4191 ,Proeteutnnda
351 4119 395 4162 est.
407 4110 495 4162 Turio.
513 4128 574 4183 per·
619 4126 674 4163 not.
690 4111 708 4177 4
720 4124 783 4162 extr.
