2634 4822
261 415 586 482 iusrnunours
604 415 732 480 onir.
752 415 833 480 tn.
852 415 908 492 iv,
931 439 957 480 t.
1093 417 1133 504 ³7

82 537 129 609 tio
139 537 309 638 judicum
325 538 462 610 animos
472 537 654 635 occupavit
663 549 689 624 ¹,
704 536 735 608 si
745 537 935 609 dicendum
947 535 1043 636 apud
1054 537 1135 610 fati-

84 674 179 750 gatos
191 674 261 742 313
276 680 428 751 quorum
441 653 588 724 alterurn
605 652 840 750 promittendo
856 673 987 724 nostras
1003 652 1134 750 proba·

83 767 211 856 tiones,
224 788 259 840 et
268 767 610 840 adversaselndendo
618 780 646 855 ²,
656 767 1016 856 vitabimus;alterum
1029 788 1064 839 et
1074 792 1135 868 spe

84 880 275 972 brevitatis3
292 904 328 955 et
344 884 401 969 iis,
418 883 551 982 quibus
565 903 735 954 attentum
752 882 830 954 fieri
842 881 1000 982 judicem
1016 880 1137 953 docui-

83 995 199 1070 mus3.
220 999 267 1068 Et
286 998 463 1070 urbanitas
483 1019 681 1096 opportuna
704 996 814 1068 reficit
833 996 986 1087 animos,
1010 1017 1044 1067 et
1062 1022 1134 1068 un·
1152 1013 1188 1086 49

84 1109 272 1210 dccunque
294 1112 398 1211 petita
415 1113 548 1216 judicis
568 1109 751 1210 voluptast
768 1109 857 1183 levat
876 1111 1020 1183 taedium
1032 1112 1135 1184 inon

83 1225 217 1297 inutilis
224 1225 352 1299 ⁵.etiam
360 1249 411 1300 est
421 1229 506 1299 ratio
514 1226 721 1326 occupandi,
730 1252 807 1324 quae
815 1225 975 1297 videntur
982 1226 1134 1316 obstare,

83 1362 122 1413 ut
138 1341 266 1414 Cicero
272 1340 289 1386 ⁶
306 1343 406 1433 dicit,
423 1349 508 1416 scire
524 1371 559 1415 se
575 1348 696 1413 mirari
709 1342 889 1441 quosdam,
904 1341 998 1440 quod
1013 1345 1054 1427 is,
1074 1345 1135 1440 qui

80 1481 144 1553 per
163 1472 215 1528 tot
238 1484 346 1529 annos
367 1458 554 1556 defenderit
576 1458 714 1542 multos,
740 1455 860 1526 loeserit
878 1459 1065 1540 neminem,
1089 1455 1137 1525 nd

82 1573 312 1643 accusandum
330 1574 470 1647 Verrem
486 1573 692 1644 descenderit
698 1602 711 1657 ;
727 1566 853 1641 deinde
867 1568 1029 1655 ostendit,
1042 1568 1134 1640 banc

84 1684 196 1783 ipsam
217 1687 391 1758 sociorum
411 1688 691 1775 defensionem73
711 1685 808 1784 quod
828 1683 969 1755 schema
989 1680 1135 1772 ⁸rrpo'tutu

84 1799 220 1873 dicitur.
238 1800 277 1872 ld
290 1829 401 1900 quum
415 1803 458 1874 sit
471 1802 554 1874 utile
567 1801 773 1900 aliquando,
786 1825 882 1871 nunc
895 1824 915 1869 a
929 1795 1133 1868 declamato·
1151 1817 1185 1871 50

83 1914 179 1986 ribus
196 1915 408 2013 quibusdam
423 1944 521 2016 paeue
539 1942 677 2014 semper
696 1914 895 2001 assumitur,
912 1911 973 2009 qui
989 1913 1041 1984 fas
1060 1937 1132 1983 non

83 2049 225 2126 putant,
238 2029 305 2101 nisi
319 2033 538 2121 econtrario,
551 2031 714 2129 incipere.
730 2032 867 2128 Negant
877 2026 1132 2127 Apollodorum

120 2233 144 2268 ι.
161 2218 317 2290 Occupavit,
330 2220 359 2273 si.
371 2222 410 2273 lta
420 2220 483 2274 Tur.
496 2220 583 2273 Guelf.
665 2217 689 2270 3.
699 2217 763 2270 Iis...
772 2215 914 2268 docuimus.
923 2214 962 2286 §§
971 2213 1133 2281 33,34·Val·

80 2295 163 2347 cino.
178 2298 243 2348 Mox
254 2298 288 2349 ad
299 2298 363 2351 Obr.
377 2319 461 2371 usque
473 2319 585 2372 occupa·
630 2297 662 2350 de
677 2300 811 2366 geminum
825 2309 916 2348 nostro
935 2294 1025 2345 locum
1036 2295 1090 2346 Cic.
1100 2291 1133 2346 do

82 2374 148 2425 verit
163 2372 205 2424 vel
219 2375 256 2441 si,
274 2377 347 2446 qnod
364 2381 525 2449 repetierunt
541 2398 584 2429 re·
629 2378 728 2428 invent.
742 2378 767 2440 1,
783 2391 823 2445 17,
835 2373 935 2426 indicat
946 2372 1095 2424 Turnebus.

83 2455 223 2506 centiores.
244 2456 328 2508 Goth.
343 2456 404 2527 (tac.
422 2458 514 2529 Gesn.)
529 2476 585 2509 non
665 2456 690 2521 4.
704 2453 803 2506 Judicis
816 2452 942 2524 uoluptas.
954 2451 1040 2504 Guelf.
1046 2451 1133 2522 judici

82 2531 124 2584 vel
134 2533 223 2584 solutu
235 2535 319 2587 sedet
331 2555 382 2588 occ.
396 2540 499 2589 omittit.
513 2541 585 2591 Con·
629 2554 652 2586 u.
667 2538 729 2587 Non
738 2533 821 2599 male,
833 2546 863 2584 ut
874 2531 990 2605 pendeat
1002 2530 1104 2582 dativus
1116 2549 1133 2583 a

78 2615 215 2684 junctivris
229 2616 256 2665 iu
270 2634 322 2667 occ.
336 2617 398 2668 ferri
411 2620 512 2688 nequit.
527 2621 583 2670 Nec
625 2613 947 2685 petita.-Nostriomues
944 2608 1051 2682 judicis.
1059 2607 1131 2662 Nihil

81 2710 142 2742 vere
155 2691 260 2743 videtur
276 2694 328 2746 dici
344 2695 410 2746 itm.
429 2694 492 2747 ‹lare
508 2713 584 2746 occu·
627 2687 1132 2761 igiturcontracodicesmutandum.En.

81 2769 165 2840 parit,
175 2783 202 2821 et
209 2769 250 2820 vel
257 2773 359 2842 ipsum,
369 2775 418 2824 etsi
427 2773 493 2840 hoc,
504 2777 583 2825 omis·
664 2778 688 2831 5.
703 2780 773 2831 Nam
786 2777 887 2830 inutilis
897 2778 990 2842 etiam,
1004 2791 1053 2830 etc.
1067 2779 1131 2830 Her·

81 2865 140 2898 sum
154 2847 190 2899 ab
203 2848 286 2916 alm„
299 2855 409 2903 servarit
423 2853 503 2917 Obr.,
515 2855 584 2926 sapit
629 2876 754 2926 mogenes
760 2868 874 2927 quatuor
881 2858 958 2928 ponit
964 2859 1065 2928 species
1073 2875 1133 2926 pro·

83 2940 268 2981 correctorem.
281 2933 585 3003 -Maximapnrsnos-
629 2941 784 3003 emiorum,
805 2955 886 2988 unam
906 2954 985 3006 quam
1005 2950 1083 2986 vocat
1101 2955 1132 2988 ex

82 3019 184 3057 trorum
194 3006 295 3060 habent
306 3012 449 3081 occupavit.
463 3015 508 3064 En.
629 3016 753 3087 opinione
763 3033 806 3067 seu
818 3015 976 3086 suspicione.-
993 3033 1022 3066 ea
1035 3033 1049 3065 a
1062 3015 1133 3066 Lati·

86 3113 91 3122 ·
120 3104 145 3138 a.
165 3085 312 3159 Elupendo.
332 3089 374 3142 sic
392 3093 480 3144 Turio.
496 3092 583 3143 Gnelf.
630 3098 670 3146 nis
680 3094 776 3147 dicitur
783 3115 815 3147 ex
824 3097 1029 3167 praesumptione
1038 3107 1064 3146 et
1073 3112 1133 3165 pro·

83 3167 164 3218 Cane.
180 3165 247 3218 Edd.
262 3169 367 3238 reliquae
378 3183 478 3222 veteres
492 3183 586 3241 praeter
630 3175 705 3247 lepsi.
717 3178 800 3226 Tuan.

82 3243 142 3296 ald.
151 3243 272 3309 eluendo,
281 3246 431 3299 ntetGoth.
441 3249 549 3300 etVoss.
560 3267 590 3300 n:
666 3255 691 3306 6.
714 3254 807 3305 Cicero.
830 3257 859 3305 ln
878 3251 1037 3307 divinatione
1056 3253 1082 3303 in
1098 3253 1131 3321 Q.

82 3322 203 3392 (Quibus
220 3323 322 3375 addunt
337 3325 405 3377 Alm.
420 3328 448 3378 in
463 3346 516 3397 quo
531 3327 587 3378 falli
630 3331 776 3397 (lucilium,
789 3334 875 3384 statim
888 3331 921 3382 ab
935 3332 1019 3383 initio.

85 3420 131 3453 eos
142 3403 233 3474 puto.)
244 3402 342 3476 Gryph.
352 3403 491 3469 elevando,
503 3424 587 3456 acor·
666 3428 691 3480 7.
704 3410 896 3480 Defmsionem.
911 3410 990 3462 Gesu.
1004 3408 1059 3460 vult
1070 3420 1133 3480 poet

84 3494 196 3532 rectore.
204 3483 329 3533 Nostram
336 3499 425 3534 veram
433 3481 586 3548 essedocet‚
630 3487 700 3539 hanc
709 3507 801 3539 vocem
813 3505 861 3539 esse
873 3500 917 3539 aut
929 3489 993 3558 poni
1006 3500 1051 3538 aut
1063 3500 1133 3540 certe

84 3573 179 3630 praeter
189 3559 272 3611 multa
284 3560 394 3630 Quintil.
407 3561 480 3626 loca,
492 3562 524 3626 V,
541 3561 586 3627 13,
631 3565 750 3635 intelligi.
764 3564 859 3617 Nullus
874 3564 940 3616 liber
954 3563 1033 3617 babet
1044 3565 1133 3617 inlini·

85 3653 129 3708 27,
140 3637 299 3707 ubigerniua
309 3641 364 3691 fere
374 3643 478 3692 nostris.
490 3641 587 3708 Quam·
633 3647 730 3710 tivum,
746 3646 806 3715 qui,
823 3645 871 3696 etsi
888 3643 1011 3695 facillime
1029 3655 1134 3713 poterat

85 3735 164 3788 qnam
174 3730 200 3768 et
210 3719 261 3769 isto
273 3719 334 3771 loco
344 3718 414 3770 idem
423 3718 539 3770 Gotbaui
549 3739 588 3771 er·
631 3725 725 3788 inseri,
733 3740 900 3793 nequaquam
910 3735 950 3774 est
960 3723 1131 3774 necessarius.

84 3814 138 3862 ror,
150 3800 249 3848 caeteris
261 3818 316 3850 non
328 3798 539 3868 astipulantibus.
552 3828 588 3839 —
668 3803 693 3853 8.
705 3799 829 3870 Πρᾶληψις,
840 3800 924 3853 codd.
936 3803 987 3852 mei
998 3814 1023 3852 et
1033 3812 1132 3851 veteres

84 3876 167 3927 Recte
177 3875 304 3929 eludendo
315 3877 429 3930 exAvic.
440 3881 497 3929 Put.
510 3878 585 3931 Ponl.
632 3880 692 3932 edd.
711 3900 802 3933 omnes
816 3880 872 3932 latt.
888 3880 936 3932 litt.
952 3879 1016 3932 daut
1029 3895 1130 3930 vocem.

83 3954 137 4007 alt.
149 3957 180 4020 3,
192 3954 221 4023 ὅ,
234 3973 278 4022 ιο,
287 3960 356 4008 Prot.
366 3958 447 4011 Andr.
457 3960 524 4010 Nam
534 3971 587 4009 sta·
631 3962 687 4012 Nec
699 3961 767 4012 male
779 3958 968 4012 fortussel'ide
980 3960 1028 4022 ΙΙΙ,
1040 3957 1070 4020 6,

83 4037 131 4086 tim
147 4037 174 4100 in
192 4035 300 4088 exordio
315 4036 458 4088 eluduntur
472 4036 585 4090 adversae
630 4057 680 4090 nec
692 4039 782 4091 obstat
794 4039 867 4110 quod
876 4039 925 4104 ΙΙΙ,
937 4057 966 4102 2,
984 4037 1029 4101 16,
1042 4044 1070 4088 at

81 4114 268 4186 probationes,
279 4116 485 4170 nonelevautur.
499 4120 544 4172 En.
629 4119 662 4184 3,
674 4137 723 4192 99,
734 4138 817 4190 grece
828 4120 884 4172 fere
896 4117 1025 4172 scribitur.
1052 4180 1058 4191 1

1219 4181 1253 4330 Ι
