2634 4822
163 401 205 481 ΙΙ
440 399 487 463 Μ.
508 399 622 463 FABll
643 399 920 482 QUINTILIANI

162 520 351 594 immodica
371 519 446 623 ejus
467 519 664 620 longitudo,
685 547 729 592 ne
751 522 787 594 in
809 544 913 621 caput
931 521 1134 594 exercuissel
1154 519 1207 592 vi-

107 648 142 704 63
162 637 294 728 deatur,
309 657 443 736 et,'quo
459 664 648 736 praeparare
666 637 784 726 debet,
795 639 944 738 fatiger.
962 640 1205 709 Sermonema

160 780 308 850 persona
315 751 443 853 judicis
455 779 630 841 aversum,
642 779 719 851 quae
732 766 876 843 ἀποστροφὴ
890 751 1048 844 dicitur3,
1057 751 1203 851 quidam

159 867 197 937 in
209 864 373 939 totumla
385 867 550 965 prooemio
563 888 800 956 summovent,
814 894 887 939 non
899 866 998 938 nulla
1009 866 1153 965 quidem
1166 864 1203 936 in

158 980 250 1051 hanc
263 982 523 1079 persuasionem
537 983 666 1054 ratione
680 982 792 1071 ducti3
806 1009 891 1055 nam
902 1008 1041 1081 prorsus
1054 1008 1126 1054 esse
1138 981 1205 1052 hoc

159 1096 270 1192 magis
283 1097 479 1168 secundum
492 1118 653 1169 naturam
667 1097 907 1169 confitendum
920 1118 985 1187 est,
1002 1117 1041 1168 ut
1052 1094 1204 1168 eos-allo·

160 1236 312 1308 quamur
328 1212 569 1309 potissimum,
590 1240 677 1312 quos
694 1213 876 1285 conciliare
894 1212 994 1283 nobis
1011 1209 1204 1282 studemus.

107 1340 141 1408 64
159 1325 304 1396 Interim
321 1346 440 1399 tamen
457 1348 491 1399 et
508 1350 558 1399 est
572 1329 639 1399 hoc
655 1326 842 1426 prooemio5
857 1325 1068 1399 necessarius
1085 1351 1204 1396 sensus

159 1493 223 1557 cito,
238 1495 310 1565 quod
325 1510 350 1548 et
362 1499 448 1568 ipsum
459 1497 559 1548 habent
570 1497 657 1548 Guelf.
703 1499 781 1562 toris,
793 1496 820 1548 id
835 1511 875 1548 est
889 1495 1040 1562 exordium,
1051 1496 1143 1565 fatiget
1159 1513 1203 1546 au·

159 1571 239 1624 Canu.
259 1575 340 1626 Paulo
359 1578 526 1627 immutatum
545 1586 576 1626 ut
590 1577 659 1626 iutra
702 1575 822 1628 ditorem.
838 1579 884 1628 Ει).

63 1708 65 1712 ⁴
159 1664 273 1723 quotuor
289 1656 410 1707 temiuos
425 1655 475 1706 cito
492 1665 563 1706 teon.
583 1654 658 1707 Bodl.
738 1655 764 1706 3.
781 1655 882 1724 Qum...
897 1652 1000 1705 dicitur.
1010 1654 1115 1718 Turio,
1129 1651 1205 1704 ἀποσ-

158 1733 214 1783 Bal,
227 1733 307 1785 Andr.
323 1736 387 1786 Orta
401 1736 523 1806 profecto
538 1748 578 1787 est
591 1755 659 1806 prae-
702 1729 783 1801 optati,
800 1745 831 1784 ut
845 1733 948 1796 dicitur,
968 1731 1040 1802 quod
1056 1733 1099 1782 vir
1116 1733 1204 1801 potuit

156 1824 264 1883 postera
274 1816 403 1883 scriptura
413 1833 444 1865 ex
456 1817 598 1867 omissione
610 1817 659 1866 ista
702 1815 739 1864 ita
749 1813 882 1884 proficisci
894 1831 909 1863 a
920 1813 1011 1879 Quint.
1025 1810 1112 1864 Guelf.
1123 1809 1202 1862 Goth.

146 1890 226 1941 'mole
248 1892 395 1943 emendata.
419 1897 536 1944 -Pars
557 1907 659 1945 tanturn
703 1892 769 1964 (tac.
786 1891 882 1964 Gesn.)
897 1894 998 1957 Coun,
1017 1891 1125 1942 etlens.
1143 1909 1203 1941 cum

157 1981 309 2021 nostrorum
316 1970 400 2022 Codd.
410 1970 511 2023 habent
517 1972 657 2042 vulgatam.
703 1973 764 2025 edd.
777 1986 838 2025 ante
850 1974 994 2037 Stoerium,
1006 1971 1088 2042 qui...
1102 1970 1203 2022 dicitur.

157 2046 212 2097 RR.
228 2065 241 2116 7
256 2067 270 2099 a
282 2067 335 2100 sec.
347 2068 432 2115 mam,
448 2068 493 2116 ια,
506 2061 536 2101 ut
547 2052 597 2103 cito
609 2063 659 2102 ter-
702 2052 854 2122 Elegantior
868 2070 931 2103 sane
944 2062 1034 2102 nostra
1048 2050 1124 2100 ratio.
1137 2048 1203 2102 Vide

158 2127 329 2179 minarentur.
339 2131 411 2181 Ario.
420 2133 477 2181 Put.
487 2131 560 2182 Poul.
569 2133 658 2199 ltus,
702 2132 739 2196 ll,
753 2132 798 2195 18,
812 2130 1001 2193 r.-Nostris,
1013 2127 1087 2199 qui...
1101 2127 1202 2178 dicium

147 2203 189 2271 5,
201 2208 283 2271 Pron,
296 2217 325 2257 ut
337 2209 543 2261 temiuarentur.
559 2215 604 2264 Eu.
701 2208 830 2264 Nonnulli
840 2222 928 2260 tamen
939 2203 967 2258 od
977 2206 1025 2277 qui
1034 2207 1147 2256 ommitt.
1157 2207 1202 2256 Ena

161 2301 218 2334 1.
224 2285 258 2334 In
266 2288 488 2356 caputexcreutsse
496 2291 581 2360 Capru
588 2309 658 2342 emm
737 2288 899 2353 4.Ιητοια)η.
902 2285 1029 2337 Videnot
1039 2284 1121 2349 adlll,
1128 2285 1155 2350 8,
1161 2283 1202 2337 58

156 2382 313 2457 prooemium
324 2381 499 2437 comparatur
513 2371 560 2434 ΙΙΙ,
573 2370 603 2435 8,
617 2386 656 2420 ιο
738 2365 762 2417 5.
782 2366 840 2416 Hoc
856 2363 989 2436 prooer‘nio.
1008 2364 1049 2415 sic
1065 2363 1203 2414 Turicens

155 2442 209 2495 Sed
232 2423 381 2515 subjectum
407 2449 541 2498 sententiae
564 2466 658 2518 parurn
701 2444 790 2496 Guelf
800 2443 868 2494 Alm.
880 2440 955 2493 Bodl
964 2440 1017 2491 Bal.
1027 2442 1109 2492 Cum>
1120 2441 1201 2492 Andr.

156 2535 281 2593 apparet,
297 2523 369 2593 quod
381 2528 535 2617 prooemium
552 2527 658 2596 quidem
700 2525 772 2575 Jens.
784 2535 810 2574 et
821 2521 880 2573 edd.
891 2520 1097 2572 anteStoerrum
1095 2537 1216 2587 omnes,

157 2619 214 2652 esse
224 2605 323 2671 nequit.
336 2604 424 2654 Oratio
433 2607 522 2674 potius
533 2605 658 2675 intellige·

157 2693 209 2744 tur,
227 2680 299 2749 quod
314 2681 474 2733 vocabulum
490 2683 593 2734 mallem
611 2703 657 2735 ex-

155 2777 284 2829 pressum.

193 2855 217 2888 ).
233 2839 319 2907 Quo...
326 2838 432 2910 fatiqet.
445 2841 546 2907 Guelf.,
557 2860 583 2913 q.
592 2860 657 2912 prce·

154 2918 244 2988 parari
258 2917 282 2967 d.
293 2917 337 2988 f.,
353 2936 414 2969 curn
430 2919 489 2971 edd.
504 2923 575 2972 dens.
589 2921 655 2991 (tac.

155 2997 248 3067 Gesn.)
261 3010 287 3047 et
298 2997 354 3049 rell.
368 3011 428 3050 ante
440 2999 557 3050 Badium.
573 2999 656 3052 Aldus

155 3074 280 3145 praterea
285 3075 472 3149 fatiqemrpro
477 3078 582 3151 fatiqet.
591 3082 657 3131 Nos·

154 3167 222 3204 tram
231 3173 288 3206 esse
298 3157 325 3206 in
334 3156 450 3207 Vallensi
462 3157 556 3208 diserte
566 3172 657 3209 monet

58 3230 61 3235 ’
153 3233 267 3301 Badius,
287 3253 364 3304 quam
384 3235 427 3287 alii
446 3255 552 3307 quoque
570 3237 653 3289 Codd.

94 3350 100 3357 .
154 3326 270 3366 tuentur.
280 3315 404 3367 Fluctuat
413 3319 556 3382 sententia,
565 3319 655 3389 inopia

148 3392 275 3465 subjecti.
295 3394 390 3446 Badius
409 3415 457 3465 pro
477 3414 528 3467 quo
546 3398 656 3466 conjicit

143 3467 230 3541 onos,
240 3483 269 3522 ut
276 3473 454 3542 intelligantur
458 3473 570 3546 judices.
579 3476 656 3544 Equi·

154 3549 215 3600 dem
232 3551 320 3601 malim
334 3552 404 3623 quod
420 3554 490 3604 unde
506 3555 594 3624 ipsum
610 3554 655 3604 liat

154 3629 311 3700 subjectum.
324 3635 392 3683 Nam
403 3633 544 3683 orationem
558 3632 655 3684 subau-

154 3707 226 3772 dire,
243 3710 368 3760 ut'modo
386 3711 420 3761 ad
436 3710 555 3762 videatur
568 3713 654 3764 minus

154 3803 247 3860 aptum
261 3792 349 3842 fuerit.
364 3821 400 3830 -
413 3792 486 3842 Avic.
503 3794 561 3843 Put.
580 3793 653 3844 Poul,

701 2604 751 2653 nisi
771 2600 844 2670 quod
861 2598 944 2651 Aldus
964 2616 1025 2650 curn
1044 2598 1202 2667 quibusdam

701 2681 883 2743 necessarium,
893 2693 922 2729 ut
933 2678 981 2728 lroc
990 2680 1154 2729 nominativo
1162 2696 1204 2728 ca.-

702 2778 733 2811 su
751 2761 911 2830 accipiatur:
933 2757 974 2808 lic
990 2776 1005 2807 a
1021 2757 1124 2808 Stoerio
1142 2755 1202 2808 iude

702 2850 741 2889 est
757 2839 785 2888 in
801 2836 925 2887 omnibus
940 2836 995 2887 fere
1014 2833 1073 2885 edd.
1095 2848 1202 2886 auctore

702 2916 808 2988 quidem
822 2916 913 2982 nullo,
926 2928 1021 2986 practer
1033 2913 1202 2980 Gothanum‚

701 3016 732 3049 ex
745 3016 797 3068 quo
808 2996 874 3047 nihil
882 2997 1013 3046 varietatis
1024 3007 1148 3045 notatur:
1162 2994 1203 3044 liic

700 3080 757 3129 sine
773 3077 897 3148 prooemio
913 3078 1077 3126 Burmannus
1094 3075 1122 3124 in
1139 3073 1202 3124 Val-

700 3155 766 3207 lensi
777 3173 834 3206 esse
845 3167 942 3205 narrat.
954 3155 1010 3221 Ego
1023 3150 1089 3202 nihil
1101 3151 1154 3202 tale
1165 3154 1202 3202 in·

698 3237 776 3286 venio
789 3233 860 3304 apud
871 3231 989 3283 Badium.
1003 3232 1077 3280 Hanc
1089 3231 1201 3300 scriptu·

699 3334 771 3381 ram,
784 3333 841 3385 quar
854 3312 941 3384 placet
954 3312 1089 3376 Gesnero,
1104 3313 1201 3380 etipse

699 3393 852 3465 probarem,
865 3395 887 3443 si
902 3404 994 3442 auctor
1008 3388 1199 3440 ostenderetur.

699 3477 777 3526 Nunc
795 3473 970 3526 inconstanti
986 3482 1049 3522 vett.
1072 3469 1200 3519 librorum

698 3556 800 3606 ratione
821 3555 978 3622 acquiesco,
996 3551 1127 3600 sententia
1145 3566 1200 3598 non

699 3631 944 3684 incommoda.Vide
953 3629 1197 3697 lrocVIIl,prooem.

703 3706 1201 3763 15.-N0strifereomneeinterimta-

699 3810 758 3842 men
771 3800 796 3842 et
805 3801 842 3842 est
853 3790 901 3840 lroc
912 3788 1037 3860 prooemio
1049 3787 1201 3837 necessarius

154 3871 207 3920 RR.
221 3871 251 3933 3,
265 3868 294 3934 5,
308 3871 376 3939 7,8
390 3889 434 3938 ιο,
448 3889 489 3938 ιι,
500 3875 568 3923 Prat.
581 3873 653 3925 Jens
698 3871 794 3943 aliquas
806 3889 899 3923 seusus
914 3869 949 3919 At
960 3866 1027 3918 Vall
1043 3865 1088 3916 ΙΙΙ).
1102 3868 1155 3918 RR.
1168 3883 1199 3934 9,

154 3947 214 4004 Ald.
225 3951 291 4000 Bern
307 3951 653 4041 ,etquoproepararidebet.
703 3971 747 4017 ra,
762 3963 787 4002 et
801 3963 837 4003 est
853 3951 894 4001 liic
908 3947 1032 4021 prooemio
1048 3947 1201 3999 necessarius

154 4029 232 4078 Bene
252 4029 377 4080 Sensus
370 4030 449 4098 rgitur
470 4031 537 4080 erit:
556 4047 590 4080 ne
611 4030 654 4095 id,
698 4031 893 4101 reliquissemus
904 4017 1199 4097 Deleprooemio,quod

155 4124 206 4179 quo
220 4127 362 4182 praeparart
357 4109 449 4162 'debet
461 4112 562 4163 animus
578 4110 654 4162 audi-
698 4110 814 4180 glossam
827 4109 944 4174 redolet,
959 4121 984 4160 et
998 4105 1102 4158 videtur
1116 4103 1200 4176 expli-
