2634 4822
172 429 213 507 ιι
455 429 502 493 Μ.
521 428 635 493 riou
653 419 930 512 Quru'rrnnur
993 424 996 429 ·

169 548 270 620 initio
290 548 428 621 dicendi
447 569 687 640 tractarentur,
711 551 799 623 nihil
821 551 987 651 prooemio
1008 575 1096 649 opus
1115 568 1212 619 esset.

117 671 150 725 26
167 661 295 760 Aliqua
307 690 389 761 ergo
401 680 676 763 nonuunquam,
689 693 767 765 quae
781 687 884 740 erunt
897 667 940 738 ad
953 662 1214 749 conciliandum

167 775 269 847 uobis
278 775 438 876 judicem
451 779 705 878 potentissima,
721 807 793 852 non
810 777 1149 852 inutiliter'interim¹
1172 802 1213 846 ex

167 889 415 985 questionibus
427 892 465 962 in
477 893 616 966 exordio
628 893 853 967 locabuntur:
868 921 945 992 quae
957 892 1047 965 sint²
1061 918 1162 991 porro
1175 890 1213 960 in

166 1005 278 1076 causis
297 1006 533 1098 favorabilia³,
557 1030 763 1082 enumerare
786 1036 859 1081 non
878 1028 928 1080 est
945 1033 1100 1094 necesse,
1120 1031 1213 1103 quo-

165 1117 286 1192 niaml
299 1140 332 1192 et
344 1123 526 1195 manifesta
540 1138 658 1217 erunt,
676 1123 814 1223 cognita
827 1122 996 1224 cujusque
1014 1140 1214 1194 controver-

165 1232 221 1304 siae
236 1234 450 1327 conditione,
464 1259 497 1309 et
507 1238 630 1311 omnia
641 1238 756 1337 colligi
770 1239 806 1311 in
818 1257 914 1311 tanta
924 1236 1039 1309 litium
1052 1232 1213 1304 varietate

111 1373 144 1425 ²7
164 1372 404 1446 nonpossunt.
414 1354 461 1423 Ut
471 1373 589 1425 autem
601 1352 856 1426 haec⁵irtvenire
867 1370 901 1424 et
911 1376 1051 1448 ouqere,
1061 1347 1107 1418 ita
1115 1345 1213 1444 quod

163 1461 256 1535 laedit
263 1461 290 1554 ⁶,
304 1485 365 1538 aut
376 1466 521 1540 omnino
534 1466 710 1568 repellere,
724 1488 784 1540 aut
794 1487 885 1539 certe
900 1472 1067 1548 minuere,
1081 1488 1122 1532 ex
1134 1487 1212 1530 cau-

163 1601 200 1647 sa
210 1598 276 1649 est:
288 1579 460 1653 miseratio
473 1609 615 1681 quoque
627 1582 816 1681 aliquando
831 1608 872 1653 ex
885 1579 1008 1653 eadem
1021 1576 1130 1663 venit,
1140 1573 1210 1645 sive

7 1766 10 1785 ,
109 1699 143 1752 ²8
163 1691 248 1788 quid
258 1692 366 1792 passil
379 1716 501 1767 sumus
511 1723 625 1795 grave,
635 1696 703 1769 sive
715 1695 859 1796 passuri.
869 1697 991 1791 Neque
1002 1687 1118 1762 enim⁸
1130 1714 1210 1758 suru

162 1803 200 1875 in
215 1805 280 1876 hac
295 1807 476 1906 opinione,
490 1836 560 1908 qua
574 1811 736 1908 quidam,
752 1831 846 1882 uteo
862 1809 986 1880 distare
1000 1802 1209 1904 prooemium

161 1918 206 1990 ab
219 1919 357 2020 epilogo
371 1923 527 2013 credam,
540 1925 636 2025 quod
652 1925 689 1997 in
705 1924 771 1997 hoc
789 1922 975 2024 praeterita,
994 1921 1031 1990 in
1050 1917 1133 1988 illos
1150 1918 1210 1987 fu-

201 2085 223 2120 1.
240 2069 358 2122 Interim·
375 2072 415 2124 Ne
429 2073 545 2144 intellige
559 2076 664 2144 Quinti·
708 2076 738 2142 8,
753 2093 783 2146 9,
800 2091 840 2142 11,
853 2076 940 2139 Jens.,
956 2072 992 2123 Ut
1004 2081 1091 2121 autem
1106 2067 1154 2118 lroc
1169 2067 1210 2117 in·

159 2144 247 2197 lianeo
255 2166 328 2200 more
336 2165 491 2222 usurpatum
501 2153 662 2207 adverbium.
707 2155 801 2206 uenire.
813 2155 902 2205 Minus
914 2151 991 2202 bene.
1004 2150 1050 2198 Eu.

160 2226 185 2276 le
202 2242 295 2278 seusus
312 2241 352 2278 est
369 2230 396 2280 in
415 2248 660 2306 «nonnunquam»
742 2233 767 2286 6.
789 2232 865 2302 Quod
884 2231 961 2283 ludit.
977 2231 1065 2280 Turic.
1084 2244 1110 2298 q.
1131 2225 1208 2297 legit,

161 2303 228 2355 vra.
239 2304 285 2355 ru.
298 2307 346 2372 1¹1,
359 2326 417 2380 cap·
432 2309 462 2376 8,
474 2313 497 2378 s.
511 2312 536 2363 6.
707 2330 768 2364 eum
781 2311 849 2363 arm.
860 2309 927 2362 viae
939 2308 973 2359 aa
985 2307 1007 2378 t.
1022 2326 1046 2378 7.

198 2400 224 2434 ιε
238 2385 302 2454 Quoe
314 2387 372 2438 sint.
385 2391 472 2440 Turio.
492 2390 568 2459 Quod
580 2392 633 2444 sint
648 2411 663 2445 n
744 2408 768 2461 7.
781 2391 841 2444 Sive
851 2389 917 2463 quid
925 2388 1001 2460 passi.
1013 2389 1084 2437 Jens.
1097 2397 1123 2435 et
1134 2382 1209 2448 Ald,

161 2479 214 2513 see.
228 2481 308 2514 manu
317 2476 381 2536 quot
390 2485 424 2531 s.,
438 2487 499 2519 curn
510 2469 590 2522 Ceno.
601 2474 663 2523 Non
707 2469 759 2522 sive
770 2469 841 2541 quod
850 2468 926 2538 passi.
938 2465 1017 2518 Male.
1030 2467 1076 2516 Eu.

161 2541 238 2592 male.
251 2542 302 2594 Sed
314 2545 382 2594 olm.
396 2547 474 2616 quod.
484 2578 520 2587 -
529 2549 582 2601 Ru.
594 2550 624 2616 3,
637 2550 663 2616 5,
681 2536 683 2541 ,
744 2549 768 2599 8.
779 2549 871 2616 Neque
880 2546 958 2596 enim.
971 2546 1012 2598 Sic
1022 2543 1109 2593 Turio.
1120 2538 1208 2591 Guelf.

163 2633 189 2690 7,
208 2637 251 2685 ¹0,
270 2638 311 2687 ιι,
329 2639 373 2688 ¹2,
392 2626 455 2692 Quoe
470 2638 531 2677 sum
543 2646 620 2700 pom
635 2629 664 2679 in
707 2624 788 2676 Cane.
805 2623 909 2692 Reliqui
922 2624 977 2674 Nec
990 2640 1012 2670 e.
1025 2618 1092 2671 Vide
1108 2618 1142 2669 ad
1158 2619 1209 2682 ΙΙΙ,

162 2699 251 2750 causis.
265 2701 394 2769 Quotsint
399 2721 469 2775 porr.
483 2705 510 2757 in
522 2725 589 2760 enus.
600 2726 664 2780 prae-
712 2718 757 2767 11,
772 2718 814 2752 20.
830 2728 867 2739 —-
878 2699 945 2750 vall.
961 2699 1007 2750 lib.
1022 2699 1074 2748 RR.
1089 2713 1115 2765 7,
1131 2696 1162 2761 8,
1177 2712 1208 2763 9,

163 2789 204 2828 ter
214 2779 294 2829 Caur.
308 2778 389 2831 habet
400 2781 549 2837 Andreana.
562 2789 608 2838 En.
706 2782 794 2847 Jens.,
810 2782 866 2832 Nee
881 2780 949 2830 enim
966 2797 1031 2830 sum.
1048 2777 1100 2827 Alii
1114 2778 1208 2848 Neque

197 2857 222 2908 3.
238 2858 408 2911 Favorabilia.
425 2862 512 2914 Guelf.
525 2864 663 2935 favorabi-
707 2860 786 2910 enim.
799 2862 830 2910 R.
847 2875 878 2909 ιο
891 2860 987 2909 omittit
998 2857 1076 2907 enim.
1089 2858 1135 2907 En.

162 2932 212 2999 ¹3⁸2
232 2952 293 2986 cum
308 2939 384 2989 Voss·
407 2955 429 3005 1,
446 2941 470 2992 3.
490 2943 550 2994 Sine
567 2961 663 3009 sensu,
742 2956 767 3008 9.
780 2939 814 2989 In
827 2937 923 2989 hoe.....
937 2938 965 2986 in
978 2935 1033 2987 illo.
1047 2936 1100 3002 Qui
1112 2936 1207 3001 sintii,

162 3016 286 3083 quoniam
295 3018 661 3091 sequiturmanifestaomnia.
707 3011 820 3086 quorum
832 3015 990 3068 sententiam
999 3012 1113 3084 probare
1125 3031 1152 3063 se
1164 3031 1209 3064 ne·

160 3121 197 3129 -
214 3093 376 3145 Favoralrt'lia
401 3095 501 3149 habent
521 3099 588 3150 Vall.
615 3099 660 3150 lib.
706 3109 763 3165 gat,
775 3094 896 3146 nondum
906 3095 1018 3164 reperio.
1031 3095 1124 3162 Neque
1136 3094 1207 3143 euim

160 3170 214 3222 BR.
233 3191 258 3243 7,
274 3172 304 3237 8,
318 3190 348 3241 9,
367 3190 407 3241 ιι,
425 3193 470 3242 12,
484 3176 565 3228 Curru.
578 3177 660 3231 Andr.
706 3174 739 3226 tle
751 3175 802 3227 hac
814 3176 925 3226 maxime
935 3174 1056 3244 prooemii
1068 3185 1095 3223 et
1108 3171 1207 3242 epilogi

159 3248 231 3300 Jens.
253 3250 312 3301 Ald.
332 3252 493 3307 favorabiles
510 3257 582 3308 Avic.
602 3259 660 3310 Put.
704 3253 863 3318 differentia,
872 3249 1157 3322 quidquamproditum
1168 3263 1207 3301 est

159 3327 234 3379 Poul.
249 3330 302 3381 RB.
317 3331 346 3398 3,
360 3331 389 3399 5,
406 3350 444 3385 ιο.
457 3336 503 3386 En.
705 3332 739 3384 ab
750 3330 905 3396 Aristotele,
915 3330 1056 3394 Cicerone,
1067 3329 1155 3380 aliisve
1165 3327 1206 3379 vel

194 3407 220 3472 4«
242 3408 381 3476 Quoniam.
400 3412 486 3464 Guelf.
506 3431 579 3485 quse,
599 3425 660 3466 eum
704 3412 848 3484 aequalibus
856 3410 899 3462 vel
910 3409 1109 3462 recentioribus.
1119 3406 1205 3458 Aliam

158 3479 326 3540 Gothsvoss.
340 3489 370 3554 3,
385 3492 459 3542 Bern.
476 3490 656 3562 «Eleganter»
704 3493 786 3561 tangit
799 3493 990 3558 Hermogenes,
1004 3507 1032 3559 p.
1045 3488 1077 3539 31
1091 3486 1202 3557 (Sturm.

158 3565 194 3614 ait
204 3564 343 3620 Harlesv.
356 3568 384 3620 C.
400 3568 451 3622 Sed
465 3583 522 3621 tum
537 3588 605 3642 opus
620 3586 660 3624 est
703 3574 730 3623 in
742 3568 854 3639 Partiri.)
866 3570 911 3638 qui
925 3586 1005 3638 quum
1016 3569 1143 3638 prooemia
1156 3585 1205 3636 pa·

158 3657 188 3694 ut
206 3646 234 3695 in
251 3648 326 3698 initio
344 3647 424 3719 hujus
446 3668 537 3703 sensus
558 3651 659 3721 legatur
703 3652 764 3713 riter
778 3663 857 3719 atque
872 3646 991 3717 epilogos
1008 3645 1041 3696 ad
1057 3645 1203 3696 movendos

159 3721 243 3790 Qum>
260 3743 316 3776 n⁰11
334 3744 400 3796 quoe.
415 3729 502 3780 Turio.
517 3748 607 3802 quum.
624 3761 659 3770 -—
703 3728 853 3780 auditorum
875 3727 977 3776 animos
999 3722 1089 3775 induci
1109 3722 1204 3774 dixerit

71 3824 74 3830 ·
157 3797 219 3852 Pars
235 3805 347 3856 maxima
362 3820 514 3859 nostrorum
530 3809 614 3861 Codd.
633 3824 659 3860 et
703 3796 1203 3878 (πάθους...ῗιικι...οἷοιφᾶζουιῖὀρ·γιῖς,

157 3878 233 3946 edd,
245 3899 303 3952 quoe
318 3893 344 3933 et
359 3887 505 3956 manifesta.
520 3885 659 3959 Eleganter
703 3883 717 3939 tl
730 3882 792 3938 ilion
806 3880 820 3936 ri
833 3880 914 3948 elisos
928 3881 941 3932 tl
949 3903 1006 3937 oues
1019 3877 1135 3948 τοιούτου)
1149 3881 1204 3932 dis·

124 4014 128 4026 ¹
159 3959 282 4027 quidem,
302 3973 333 4011 ut
353 3965 389 4012 ait
409 3965 508 4018 Harles.
536 3970 558 4018 si
582 3970 657 4020 initio
703 3969 801 4019 crimen
813 3967 904 4016 statuit
915 3969 983 4016 inter
992 3981 1023 4014 ea
1031 3961 1084 4012 hoc
1093 3963 1204 4012 interce·

157 4037 260 4109 phrasis
273 4038 404 4110 legeretur
415 4057 486 4116 quot.
500 4050 544 4099 En
702 4046 765 4097 dere
780 4040 814 4096 ool
826 4036 870 4108 μὶν
886 4043 1001 4113 προοίμια
1013 4036 1203 4109 ωαρασκινέζιιι

193 4117 217 4168 5.
234 4117 271 4168 Ut
284 4129 372 4172 autem
387 4122 449 4177 liae.
462 4126 529 4180 vall.
544 4125 590 4183 lib.
602 4127 656 4180 HR
702 4121 761 4196 reple
773 4124 800 4180 ol
811 4127 927 4192 rigentes
941 4125 954 4178 t
966 4120 1096 4178 aestivos·
1107 4119 1161 4175 olle
1177 4143 1202 4172 σο
