2634 4822
124 440 165 486 20
301 464 305 471 ·
405 417 453 480 M.
472 416 586 481 FABII
605 414 881 500 QUINTILIANI

121 564 233 612 causae
242 535 405 626 ·invenio;
420 557 454 608 et
465 563 529 634 ego
541 563 604 635 pro
618 536 736 635 regina
747 538 930 643 Berenice¹
948 539 1044 638 apud
1055 538 1168 639 ipsam

119 665 281 725 causam²
295 651 381 722 dixi:
395 651 516 723 similis
528 650 585 721 hic
600 677 741 749 quoque
752 653 989 754 superioribus
1001 655 1086 726 ratio
1101 675 1167 746 θεῖς

118 765 331 840 adversarius
344 764 462 838 euim³
478 765 645 838 fiduciam
660 766 764 864 partis
780 793 850 840 suae
863 765 986 868 jactat,
1000 790 1168 868 patronus

154 979 178 1013 1.
197 961 326 1012 Berenice.
347 962 408 1012 Hoc
430 974 470 1013 est
491 962 619 1032 scriptura
667 964 758 1015 allam
766 965 929 1034 Vespasiano
941 984 1048 1037 quoque
1060 969 1167 1020 senise-

115 1038 200 1093 Codd.
216 1053 243 1092 et
254 1041 489 1093 vetustissimarum
502 1040 618 1110 itemque
666 1044 748 1112 «gina
760 1044 897 1110 Berenice,
912 1044 1009 1098 florens
1020 1059 1096 1099 aetate
1108 1047 1167 1099 for·

114 1121 293 1172 recentiorum
311 1116 371 1169 edd.
392 1117 443 1170 sed
459 1120 531 1170 Jens.
550 1117 616 1187 (tac.
666 1138 799 1191 emaque,
815 1123 1009 1192 magnificentia
1025 1143 1167 1177 munerum

113 1197 207 1268 Gesn.)
225 1210 252 1248 et
269 1197 375 1267 reliquae
396 1215 481 1268 usque
501 1197 536 1248 ad
553 1196 616 1267 Bad.
665 1212 781 1267 «grata»
805 1213 869 1251 erat.
888 1202 974 1253 Taciti
995 1201 1081 1254 verbis
1104 1216 1166 1254 utor

114 1295 167 1330 sec.
185 1275 251 1326 dant
266 1274 390 1325 Berenice
396 1312 404 1339 ‚
423 1293 477 1326 exc.
495 1273 555 1326 Ald.
575 1293 616 1344 pr.
662 1277 759 1327 Histor.
767 1279 803 1343 ll,
812 1278 854 1329 81.
865 1279 974 1331 Causam
983 1279 1067 1330 dicere
1076 1293 1166 1334 tamen

112 1356 172 1407 Hoc
183 1355 262 1406 etiam
270 1351 370 1425 Gryph.
383 1354 528 1418 revocavit,
541 1355 616 1404 etsie
660 1353 739 1424 vulgo
754 1357 783 1406 iu
792 1355 956 1427 defendendo
969 1371 1122 1430 usurpatur,
1135 1372 1166 1412 ut

112 1433 189 1486 multi
201 1431 343 1485 multorum
359 1433 518 1503 scriptorum
530 1430 614 1484 Codd.
660 1451 705 1484 rea
718 1433 798 1485 fuerit
811 1436 910 1504 regina.
924 1436 1026 1488 Racinii
1038 1437 1166 1507 tragoedia

111 1513 377 1585 praelemntnomen‚
390 1511 467 1562 sicuti
479 1523 616 1581 receptum
660 1511 815 1564 nobilitatus
838 1527 878 1566 est
900 1516 1037 1568 Berenices
1063 1529 1090 1567 et
1111 1518 1166 1569 Titi

111 1605 152 1644 est
163 1593 242 1642 etiam
254 1588 326 1660 apud
335 1588 505 1640 Plutarchum
515 1590 615 1656 Quoest.
661 1608 743 1642 amor.

110 1687 201 1740 graec,
215 1688 243 1741 p.
260 1684 309 1737 ²9²
325 1669 354 1718 E.
369 1668 437 1718 Hinc
449 1679 543 1717 natum
554 1685 616 1717 cor·
696 1685 720 1719 a.
730 1668 810 1742 Apud
819 1670 901 1742 ipsam
911 1689 1023 1724 causam.
1031 1671 1073 1724 Sic
1079 1672 1161 1726 Goth.

110 1764 189 1822 rupte
207 1748 341 1803 Vemnica.
361 1745 412 1798 Sed
431 1749 509 1797 uuice
524 1765 616 1798 sanam
659 1749 736 1801 Voss.
758 1762 816 1801 set
835 1749 894 1802 edd.
914 1769 978 1802 meae
996 1764 1058 1803 ante
1076 1752 1161 1805 Stoer.

110 1842 229 1883 nostram
242 1846 299 1880 esse
313 1829 443 1878 rationem
457 1839 567 1896 apparet
583 1844 615 1877 ex
659 1847 760 1881 omnes.
769 1832 939 1883 Recentiores
948 1849 991 1901 ap.
1001 1849 1059 1882 eam
1069 1832 1161 1902 ipsam.

110 1907 242 1962 vocabulo
251 1924 336 1977 graeco
347 1901 456 1972 papium
465 1903 549 1976 (apud
557 1905 615 1956 Pin·
658 1905 762 1958 Habent
779 1926 815 1960 ese
832 1922 954 1961 auctores
970 1908 1054 1961 Codd.
1072 1910 1172 1964 Guelf.'

110 1986 204 2038 darum
224 2005 247 2039 v.
270 1984 307 2053 c.)
331 1981 422 2053 quod,
442 1981 614 2034 macedonica
658 1998 685 2037 et
698 1989 786 2038 Turio.
803 1990 848 2058 qui
863 1988 928 2039 dant
944 1988 1001 2040 haec
1016 2007 1060 2061 ap.
1078 1990 1161 2061 ipsam

110 2065 224 2118 dialecto
235 2063 383 2135 prolatum,
394 2073 434 2112 est
443 2073 564 2112 nostrum
572 2062 615 2132 ip-
657 2083 724 2117 eam.
741 2066 809 2119 Alm.
827 2086 871 2139 ap.
887 2087 945 2120 eam
962 2067 1050 2120 solum
1062 2068 1161 2122 habere

111 2162 178 2197 sum.
190 2172 227 2183 —
235 2142 334 2215 lleqina
346 2140 473 2193 Berenice.
487 2141 548 2192 Haec
560 2153 613 2207 est,
657 2159 785 2198 narratur.
798 2148 957 2200 Ceterorum
967 2148 1040 2200 nulla
1051 2152 1161 2202 mentio.

111 2240 191 2295 quam
209 2223 284 2273 Titus
302 2231 416 2271 amatam
433 2237 449 2270 a
471 2237 515 2285 se,
534 2221 614 2271 etiam
657 2226 687 2276 ln
708 2244 827 2277 meorum
846 2225 929 2278 Codd.
953 2228 1082 2299 scriptura
1102 2247 1161 2280 eam

109 2304 216 2373 nuptias
227 2299 376 2372 pollicitus,
390 2297 424 2349 ab
436 2297 502 2349 urbe
514 2297 613 2350 dimisit
656 2323 705 2376 per
714 2323 829 2357 errorem
839 2307 966 2376 scriptum
977 2324 1033 2358 esse
1041 2325 1092 2377 pro
1102 2325 1162 2358 cau·

109 2382 206 2433 invitus
217 2381 326 2431 invitam
337 2376 459 2448 (Sueton.
471 2378 522 2428 Tit
536 2395 559 2428 c·
572 2376 613 2448 7);
657 2401 711 2434 sam
726 2382 827 2454 (cam),
843 2385 901 2454 ipsa
912 2383 1089 2437 collocatione
1100 2404 1161 2438 ver-

42 2505 46 2513 .
109 2462 232 2531 Agrippae
257 2459 382 2530 majoris,
406 2458 475 2526 regis
497 2455 612 2522 tudae,
657 2461 754 2512 borum
774 2475 901 2533 apparet;
922 2481 1009 2532 neque
1030 2481 1098 2534 opus
1120 2476 1160 2516 est

110 2540 180 2604 lilia,
193 2537 322 2602 Herodis,
336 2538 424 2607 patrui
438 2539 492 2600 sui,
507 2535 613 2586 Chalci·
657 2558 714 2590 eam
725 2541 747 2591 si
757 2540 838 2611 ipsam
848 2542 965 2611 positum
974 2541 1036 2604 fuit;
1048 2560 1106 2612 quae
1115 2560 1161 2611 ge·

110 2618 150 2670 dis
158 2619 264 2689 inSpria
272 2612 447 2684 regis,vidua.
458 2613 523 2680 Quae
531 2630 614 2683 quum
657 2618 766 2668 minatio
779 2620 847 2688 sapit
859 2619 1050 2672 recentioribus
1064 2619 1160 2690 linguis

110 2695 151 2747 bis
163 2698 252 2746 Romae
264 2695 297 2745 sit
309 2704 485 2757 commorata,
499 2692 614 2761 primum
658 2708 792 2759 assuetum
810 2695 953 2750 librarium.
972 2697 1071 2770 Gry-ph.
1088 2699 1161 2771 apud

110 2785 237 2843 regnante
243 2771 421 2841 Vespasiano,
430 2767 526 2819 deinde
534 2767 615 2819 redie·
657 2791 715 2823 eam
722 2791 839 2839 causam,
850 2778 937 2828 missus
946 2776 1015 2829 bene
1026 2795 1106 2847 quam
1115 2796 1157 2849 ap.

110 2855 145 2905 rit
153 2853 205 2903 Titi
211 2854 268 2921 jam
276 2848 441 2919 imperatoris
451 2864 568 2898 amorem
575 2865 614 2898 re·
658 2849 740 2921 ipsam
747 2869 770 2902 c.
778 2855 888 2904 Causam
895 2854 977 2906 dicere
983 2854 1066 2907 babes
1073 2856 1107 2922 V,
1118 2874 1159 2921 rt,

110 2933 282 2993 suscitaturo,
295 2927 384 2998 potuit
395 2927 471 2976 variis
486 2924 571 2977 modis
585 2927 613 2977 in
658 2928 705 2998 393
717 2932 777 2995 Vll,
790 2930 821 2997 4,
833 2932 858 2983 3.
874 2935 982 2985 &mam
994 2946 1020 2984 et
1031 2951 1089 2984 eam
1102 2933 1159 2986 mil·

110 3010 183 3063 litem
200 3006 333 3072 incidere,
351 3004 385 3056 de
401 3023 453 3076 qua
472 3005 612 3058 tamenab
657 3004 705 3060 lies
721 3009 849 3075 confusa,
861 3009 921 3062 vide
937 3010 1009 3082 apud
1025 3011 1158 3064 Draltenb.

110 3088 168 3141 aliis
193 3085 259 3138 nihil
283 3083 418 3155 proditum
442 3085 556 3135 invenio.
582 3082 613 3134 ld
658 3084 1160 3154 aduv.xxxvu1,58‚11.-N0s·

110 3169 222 3220 maxime
243 3163 354 3215 advertit
374 3162 520 3231 legentem,
540 3161 613 3233 quod
657 3177 723 3216 tram
737 3165 799 3218 lect.
815 3165 940 3219 exhibent
953 3168 1021 3219 Vall.
1039 3167 1085 3219 lib.
1103 3170 1157 3222 RB.

110 3249 199 3316 regina
211 3247 269 3314 ipsa
280 3260 334 3294 suae
346 3258 431 3292 causa
443 3239 612 3312 disceptatrix
658 3258 683 3312 7,
694 3245 723 3310 8,
733 3261 763 3314 9,
775 3261 815 3311 11,
826 3263 871 3312 η,
883 3247 962 3298 Cius.
974 3245 1034 3300 Ald.
1042 3247 1119 3300 Voss.
1129 3266 1159 3314 α,

108 3324 191 3376 fuisse
203 3322 306 3374 dicitur.
320 3322 416 3372 Narrat
427 3321 478 3370 Dio
490 3318 612 3386 Cassius,
656 3321 738 3374 Andr.
752 3324 824 3375 Jens.
840 3323 899 3375 Ald.
913 3327 1004 3376 Locat.
1021 3325 1102 3396 Apud
1117 3326 1160 3399 ip·

109 3399 328 3472 siveXiphilinus,
336 3397 613 3469 vulgimmoribusim·
655 3419 710 3453 sam
722 3421 778 3453 eam
789 3401 853 3454 dant
863 3404 936 3455 Avic.
946 3407 1005 3455 Put.
1019 3405 1093 3455 Poul.
1104 3408 1157 3458 RR.

109 3485 207 3555 petitos
219 3482 300 3532 luisse
312 3481 401 3530 Titum
418 3492 444 3530 et
455 3479 612 3545 Berenicen,
658 3479 691 3544 3,
711 3477 743 3545 5,
766 3497 810 3545 ιο,
828 3483 896 3532 Pnat.
916 3480 958 3533 ed.
977 3481 1059 3534 Haclt.
1079 3483 1161 3554 Apud

109 3564 177 3614 inter
184 3559 304 3628 aliosque
315 3559 462 3626 Diogenem
469 3571 496 3608 et
502 3557 612 3622 Herum,
657 3575 729 3620 eam,
742 3555 815 3608 solus
826 3558 1000 3611 Burmannus.
1014 3563 1059 3612 Bo.

108 3641 232 3712 cynicum
242 3650 397 3706 utrumque,
404 3636 431 3686 in
438 3634 541 3686 theatro
550 3653 613 3706 pro·
692 3636 717 3688 3.
726 3636 903 3706 Superioribus
910 3639 975 3688 ratio
982 3649 1032 3699 est,·
1042 3638 1160 3691 aduam·

108 3718 163 3770 bris
184 3735 230 3773 eos
250 3733 392 3780 onerasse,
411 3731 525 3784 quorum
546 3711 612 3764 alter
656 3715 709 3766 rius
730 3714 809 3767 enim.
832 3718 900 3768 Miro
924 3735 1056 3768 consensu
1079 3716 1159 3769 verba

50 3834 54 3844 .
108 3797 194 3868 flagris
218 3812 299 3847 caesus
324 3795 420 3858 fuerit,
443 3792 509 3845 alter
531 3793 611 3843 etiam
655 3791 711 3844 hac
725 3802 773 3843 rat.
791 3803 834 3845 est.
851 3793 911 3845 ado.
929 3796 1055 3846 omittunt
1069 3796 1157 3846 Turio.

107 3878 195 3948 capite
213 3874 306 3946 plexus
326 3872 359 3943 (l.
374 3871 469 3937 vat,
482 3889 510 3941 p.
525 3871 608 3922 Reim.
654 3870 742 3923 Guelf.
754 3870 822 3923 Alm.
832 3872 909 3922 Voss.
926 3888 949 3937 t,
961 3872 985 3924 3.
999 3875 1049 3924 Pro
1062 3882 1108 3924 rat.
1122 3882 1158 3924 est

110 3955 198 4024 1089).
214 3952 354 4016 Auferte,
370 3949 444 4000 hisce
460 3962 489 3999 ut
503 3966 610 4019 poenam
653 3951 733 4001 Caur.
743 3950 850 4014 ratione,
858 3950 991 4020 frequenti
1000 3969 1098 4015 errore,
1107 3967 1156 4021 pro

106 4045 232 4086 statueret
246 4032 336 4100 regina
354 4027 387 4079 ab
402 4028 434 4078 iis
448 4025 522 4092 laesa,
533 4027 609 4078 Titus
653 4028 723 4079 euim
731 4027 817 4080 Guell.
825 4046 893 4081 eum.
902 4032 985 4082 —De
997 4047 1028 4081 ea
1040 4027 1157 4082 lectione

107 4113 246 4188 deperiens
258 4129 316 4164 estu
327 4127 343 4163 a
354 4118 429 4180 patre
442 4107 610 4178 impetravit?
654 4110 738 4159 nostri
750 4106 836 4160 silent.
850 4109 896 4160 En.
